4937 3490
79 115 183 106 Datum

197 330 202 137 159
521 330 242 137 April
884 330 68 137 6.

82 935 359 80 Autograph

78 1093 297 156 stuandort
968 1093 129 156 .4,

70 1421 164 152 son.
463 1421 0 152 E
708 1421 0 152 3
1019 1421 0 152 s

73 1635 259 79 Umfang

78 1908 273 143 Sprache

79 2287 307 66 Gedruckt

1653 156 343 77 Absender

2172 186 0 97 L
2233 186 83 97 oe
2460 186 8 97 e
2582 186 0 97 e

1895 283 0 68 n

1745 344 300 123 Leyer
2183 344 300 123 Thomas

1635 935 189 80 Hopie

1652 1132 290 107 Standort

1648 1436 167 80 Sion.

1648 1634 257 81 Umfang

1702 1705 0 115 n
2233 1705 0 115 e
2312 1705 167 115 fee
2656 1705 98 115 fiy
2873 1705 68 115 tet

3390 109 365 170 Empfanoer

3277 286 730 198 ]Buallinger
4105 286 505 198 Heinrieh)

3285 936 0 135 ]
3368 936 393 135 Photokople
3940 936 71 135 ZB

3369 1132 352 113 Bull.Corr.
3996 1132 0 113 4

3363 1430 329 75 Abschrift
3944 1430 77 75 ZB

3287 1620 0 147 ]
3369 1620 138 147 Bull.
3576 1620 138 147 co.
3948 1620 41 147 1A
4264 1620 234 147 B1.1l,
4622 1620 124 147 9.l

1641 1878 97 137 Der
1806 1878 909 137 Bullinger-Korrespondent,
2773 1878 87 137 der
2908 1878 29 137 in
3024 1878 165 137 Euren
3266 1878 348 137 Unterlagen
3682 1878 194 137 (wohl
3924 1878 203 137 wegen
4195 1878 155 137 eines
4427 1878 377 137 Lesefehlers

1540 2006 0 112 ]
1622 2006 102 112 von
1795 2006 265 112 Schiess)
2121 2006 72 112 als
2264 2006 245 112 Thomas
2580 2006 224 112 Leyner
2865 2006 235 112 gefihrt
3141 2006 173 112 wird,
3355 2006 71 112 ist
3487 2006 82 112 der
3630 2006 214 112 Diakon
3926 2006 254 112 Thomas
4252 2006 560 112 Leymer/Leimer,

1640 2109 77 114 der
1804 2109 68 114 die
1959 2109 261 114 Abtissin
2297 2109 107 114 von
2510 2109 329 114 Sackingen
2926 2109 290 114 heiratete
3303 2109 106 114 und
3496 2109 77 114 dem
3709 2109 261 114 Bigamie
4047 2109 435 114 vorgeworfen
4569 2109 232 114 wurde.

1624 2217 265 118 Naheres
1950 2217 143 118 iiber
2154 2217 153 118 diese
2379 2217 204 118 Affaire
2634 2217 61 118 ist
2746 2217 40 118 im
2899 2217 295 118 Tagebuch
3266 2217 102 118 von
3459 2217 123 118 Gast
3633 2217 51 118 zu
3745 2217 234 118 finden;
4051 2217 71 118 die
4194 2217 509 118 Angelegenheit
4744 2217 72 118 ist

1625 2318 296 117 zwischen
2022 2318 133 117 Dez.
2236 2318 143 117 1548
2461 2318 122 117 und
2654 2318 123 117 Mai
2858 2318 133 117 1549
3082 2318 122 117 auch
3296 2318 31 117 in
3439 2318 214 117 Briefen
3734 2318 102 117 von
3928 2318 336 117 Myconius
4346 2318 112 117 und
4550 2318 132 117 Gast
4753 2318 41 117 an

1636 2433 301 109 Bullinger
2017 2433 281 109 erwahnt.
2368 2433 70 109 Ich
2528 2433 150 109 habe
2759 2433 70 109 die
2919 2433 401 109 Unterschrift
3390 2433 30 109 in
3520 2433 271 109 Leymers
3881 2433 150 109 Brief
4091 2433 101 109 vom
4312 2433 30 109 6.
4422 2433 160 109 April
4663 2433 130 109 1549

1616 2538 232 144 (Zurich
1932 2538 126 144 StA,
2120 2538 11 144 E
2184 2538 31 144 II
2268 2538 136 144 355,
2467 2538 126 144 131)
2656 2538 336 144 uberpruft,
3044 2538 42 144 es
3139 2538 63 144 ist
3244 2538 410 144 zweifelsfrei
3716 2538 252 144 Leymer
4010 2538 53 144 zu
4116 2538 157 144 lesen

1646 2742 462 162 Bemerkunsn
2293 2742 119 162 ein
2517 2742 819 162 underthenie-.
3587 2742 39 162 eh
3759 2742 118 162 ist
3996 2742 66 162 zu
4168 2742 277 162 wisee
4736 2742 79 162 ie
4921 2742 0 162 4

2221 2869 113 138 ich
2459 2869 125 138 bey
2721 2869 170 138 eiich
3028 2869 238 138 sampt
3403 2869 590 138 Gwallteroin
4130 2869 250 138 euwer
4482 2869 330 138 behau-

2222 3020 196 76 suneg
