4937 7032
2206 439 833 156 []Miinchener
3126 439 1354 156 DigitalisierungsZentrum

2441 443 597 86 iinchonr
3114 443 141 86 T)ir

989 447 617 153 Bayersche

982 587 887 130 StaatsBibliothek
2211 587 388 130 llogtale
2662 587 342 130 Bbothek

790 592 13 71 D

625 1228 238 83 VD16
956 1228 13 83 L
1035 1228 172 83 1569

647 1350 318 100 Pincier,
1033 1350 409 100 Johannes

646 1585 416 125 Syntagma
1137 1585 459 125 universae,
1670 1585 65 125 de
1799 1585 512 125 sacrosancta
2396 1585 214 125 coena
2706 1585 309 125 domini,
3079 1585 438 125 sententiae

645 1710 773 110 controversiaeque

636 2080 360 105 [Ziirich]
1065 2080 138 105 [ca.
1272 2080 221 105 1560]

650 2203 470 85 Res/Polem.
1194 2203 185 85 3126
1441 2203 12 85 a

3173 1875 1177 242 ----'i

2309 4585 372 105 Copyright

442 4782 76 86 Das
595 4782 281 86 Copyright
927 4782 77 86 fiir
1055 4782 85 86 alle
1191 4782 503 86 Webdokumente,
1745 4782 400 86 insbesondere
2196 4782 77 86 fir
2332 4782 85 86 Bil-

441 4881 76 85 der,
577 4881 128 85 liegt
756 4881 77 85 bei
910 4881 68 85 der
1046 4881 349 85 Bayerischen
1481 4881 511 85 Staatsbibliothek.
2069 4881 102 85 Eine
2248 4881 170 85 Folge-

423 4976 345 88 verwertung
815 4976 86 88 von
956 4976 510 88 Webdokumenten
1529 4976 55 88 ist
1631 4976 94 88 nur
1764 4976 94 88 mit
1921 4976 369 88 Zustimmung
2353 4976 70 88 der

439 5077 343 84 Bayerischen
857 5077 468 84 Staatsbibliothek
1383 5077 134 84 bzw.
1576 5077 66 84 des
1709 5077 176 84 Autors
1935 5077 267 84 moglich.
2261 5077 159 84 Exter-

424 5171 51 98 ne
541 5171 142 98 Links
742 5171 75 98 auf
875 5171 59 98 die
992 5171 276 98 Angebote
1326 5171 109 98 sind
1485 5171 368 98 ausdriicklich
1928 5171 326 98 erwinscht.
2320 5171 101 98 Eine

427 5269 416 84 unautorisierte
906 5269 338 84 Ubernahme
1299 5269 188 84 ganzer
1542 5269 157 84 Seiten
1770 5269 118 84 oder
1943 5269 188 84 ganzer
2194 5269 228 84 Beitriige

433 5366 120 85 oder
612 5366 367 85 Beitragsteile
1030 5366 60 85 ist
1158 5366 222 85 dagegen
1449 5366 136 85 nicht
1636 5366 256 85 zulassig.
1969 5366 77 85 Fiir
2097 5366 333 85 nicht-kom-

426 5462 275 86 merzielle
756 5462 606 86 Ausbildungszwecke
1401 5462 204 86 knnen
1668 5462 244 86 einzelne
1951 5462 338 86 Materialien
2337 5462 86 86 ko-

427 5562 128 84 piert
595 5562 233 84 werden,
876 5562 216 84 solange
1148 5562 265 84 eindeutig
1477 5562 64 84 die
1597 5562 425 84 Urheberschaft
2078 5562 72 84 der
2198 5562 217 84 Autoren

427 5654 123 87 bzw.
607 5654 73 87 der
729 5654 344 87 Bayerischen
1138 5654 474 87 Staatsbibliothek
1669 5654 262 87 kenntlich
1996 5654 245 87 gemacht
2274 5654 147 87 wird.

451 5799 98 84 Eine
606 5799 344 84 Verwertung
1008 5799 90 84 von
1163 5799 492 84 urheberrechtlich
1737 5799 336 84 geschiitzten
2154 5799 263 84 Beitragen

430 5896 96 83 und
582 5896 369 83 Abbildungen
1023 5896 72 83 der
1135 5896 88 83 auf
1279 5896 64 83 den
1415 5896 209 83 Servern
1696 5896 64 83 der
1824 5896 345 83 Bayerischen
2241 5896 184 83 Staats-

430 5990 286 79 bibliothek
765 5990 368 79 befindlichen
1199 5990 179 79 Daten,
1419 5990 393 79 insbesondere
1877 5990 131 79 durch
2065 5990 360 79 Vervielfilti-

437 6087 131 87 gung
617 6087 115 87 oder
781 6087 368 87 Verbreitung,
1198 6087 58 87 ist
1305 6087 122 87 ohne
1477 6087 286 87 vorherige
1812 6087 336 87 schriftliche
2213 6087 213 87 Zustim-

430 6183 164 87 mung
643 6183 65 87 der
766 6183 343 87 Bayerischen
1166 6183 475 87 Staatsbibliothek
1698 6183 311 87 unzulassig
2058 6183 98 87 und
2189 6183 237 87 strafbar,

432 6279 188 82 soweit
659 6279 87 82 sich
809 6279 78 82 aus
942 6279 71 82 dem
1107 6279 620 82 Urheberrechtsgesetz
1766 6279 173 82 nichts
1986 6279 212 82 anderes
2252 6279 173 82 ergibt.

433 6377 393 85 Insbesondere
875 6377 49 85 ist
973 6377 106 85 eine
1136 6377 466 85 Einspeicherung
1659 6377 115 85 oder
1815 6377 384 85 Verarbeitung
2248 6377 25 85 in
2346 6377 82 85 Da-

430 6471 361 88 tensystemen
864 6471 120 88 ohne
1064 6471 370 88 Zustimmung
1498 6471 72 88 der
1634 6471 353 88 Bayerischen
2060 6471 377 88 Staatsbiblio-

432 6579 99 75 thek
597 6579 332 75 unzulaissig.

3966 2052 376 146 eee-e-
4535 2052 0 146 -

3858 2177 127 133 A--
4168 2177 423 133 ai2eee

2568 4765 78 90 The
2707 4765 322 90 Bayerische
3081 4765 478 90 Staatsbibliothek
3611 4765 192 90 (BSB)
3855 4765 130 90 owns
4029 4765 78 90 the
4159 4765 278 90 copyright
4481 4765 69 90 for

2558 4864 48 87 all
2646 4864 97 87 web
2815 4864 337 87 documents,
3184 4864 32 87 in
3273 4864 289 87 particular
3602 4864 72 87 for
3714 4864 56 87 all
3810 4864 225 87 images.
4091 4864 81 87 Any
4236 4864 192 87 further
4469 4864 80 87 use

2558 4961 41 85 of
2640 4961 82 85 the
2763 4961 98 85 web
2943 4961 311 85 documents
3303 4961 33 85 is
3393 4961 205 85 subject
3639 4961 33 85 to
3729 4961 82 85 the
3860 4961 254 85 approval
4171 4961 41 85 of
4253 4961 82 85 the
4400 4961 148 85 Baye-

2551 5057 164 89 rische
2781 5057 466 89 Staatsbibliothek
3313 5057 188 89 and/or
3542 5057 74 89 the
3673 5057 197 89 author.
3927 5057 238 89 External
4206 5057 139 89 links
4386 5057 41 89 to
4476 5057 74 89 the

2560 5152 125 89 offer
2735 5152 42 89 of
2819 5152 75 89 the
2952 5152 109 89 BSB
3119 5152 67 89 are
3244 5152 259 89 expressly
3561 5152 293 89 welcome.
3904 5152 284 89 However,
4229 5152 25 89 it
4296 5152 34 89 is
4371 5152 184 89 illegal

2550 5251 39 91 to
2652 5251 110 91 copy
2832 5251 173 91 whole
3060 5251 157 91 pages
3279 5251 40 91 or
3381 5251 259 91 complete
3703 5251 204 91 articles
3970 5251 39 91 or
4056 5251 133 91 parts
4252 5251 39 91 of
4346 5251 204 91 articles

2553 5346 225 92 without
2818 5346 144 92 prior
3002 5346 418 92 authorisation.
3476 5346 152 92 Some
3668 5346 313 92 individual
4021 5346 273 92 materials
4342 5346 97 92 may
4495 5346 56 92 be

2562 5443 188 97 copied
2789 5443 71 97 for
2899 5443 502 97 non-commercial
3448 5443 345 97 educational
3832 5443 282 97 purposes,
4153 5443 259 97 provided
4451 5443 102 97 that

2552 5539 76 91 the
2678 5539 292 91 authorship
3037 5539 42 91 of
3113 5539 75 91 the
3238 5539 268 91 author(s)
3556 5539 33 91 or
3639 5539 42 91 of
3715 5539 83 91 the
3857 5539 317 91 Bayerische
4224 5539 327 91 Staatsbibli-

2562 5646 132 88 othek
2751 5646 33 88 is
2825 5646 278 88 indicated
3144 5646 484 88 unambiguously.

2567 5776 179 94 Unless
2789 5776 264 94 provided
3104 5776 281 94 otherwise
3428 5776 42 94 by
3521 5776 77 94 the
3649 5776 281 94 copyright
3964 5776 111 94 law,
4109 5776 26 94 it
4169 5776 34 94 is
4246 5776 179 94 illegal
4459 5776 102 94 and

2562 5872 96 95 may
2714 5872 56 95 be
2818 5872 328 95 prosecuted
3186 5872 48 95 as
3282 5872 8 95 a
3338 5872 328 95 punishable
3722 5872 208 95 offence
3978 5872 32 95 to
4066 5872 80 95 use
4202 5872 352 95 copyrighted

2557 5973 207 88 articles
2826 5973 92 88 and
2972 5973 461 88 representations
3494 5973 38 88 of
3586 5973 77 88 the
3732 5973 92 88 data
3886 5973 177 88 stored
4116 5973 39 88 on
4224 5973 77 88 the
4355 5973 199 88 servers

2565 6068 41 89 of
2648 6068 75 89 the
2782 6068 317 89 Bayerische
3157 6068 509 89 Staatsbibliothek,
3708 6068 33 89 in
3799 6068 284 89 particular
4125 6068 42 89 by
4242 6068 225 89 copying
4517 6068 42 89 or

2574 6162 410 92 disseminating
3032 6162 160 92 them,
3240 6162 225 92 without
3513 6162 81 92 the
3642 6162 136 92 prior
3826 6162 193 92 written
4083 6162 257 92 approval
4396 6162 40 92 of
4485 6162 72 92 the

2574 6261 317 91 Bayerische
2957 6261 500 91 Staatsbibliothek.
3516 6261 25 91 It
3591 6261 25 91 is
3674 6261 25 91 in
3766 6261 283 91 particular
4099 6261 184 91 illegal
4333 6261 25 91 to
4424 6261 125 91 store

2566 6354 39 96 or
2644 6354 220 96 process
2911 6354 78 96 any
3052 6354 94 96 data
3193 6354 31 96 in
3295 6354 94 96 data
3444 6354 219 96 systems
3710 6354 228 96 without
3977 6354 71 96 the
4095 6354 258 96 approval
4400 6354 40 96 of
4479 6354 78 96 the

2576 6464 314 81 Bayerische
2950 6464 501 81 Staatsbibliothek.
