4915 3481
324 211 539 145 ---Htet
1101 211 677 145 urtefopie
1903 211 226 145 durch
2267 211 426 145 Dr.Ernst
2881 211 188 145 och,
3194 211 414 145 Eisenach

528 526 290 102 Zuirich
950 526 132 102 2ZB,
1281 526 462 102 Bib1.60x

2193 491 229 134 Bibel
2615 491 361 134 eiitsch,
3109 491 121 134 das
3338 491 133 134 ist
3591 491 193 134 alle
3892 491 326 134 bcher
4326 491 205 134 Alts
4627 491 145 134 und

2174 606 257 129 Neiiwrs
2607 606 503 129 estaments
3227 606 12 129 /
3344 606 129 129 der
3590 606 795 129 mrspriinglichen
4514 606 316 129 spraa-

2182 734 127 144 ehe
2613 734 39 144 eh
2804 734 0 144 /
2918 734 254 144 auffs
3287 734 241 144 aller
3642 734 687 144 treiiwlichest
4430 734 216 144 vo-

2178 848 564 103 teiitschet.

2235 932 195 124 arzi
2557 932 184 124 sind
2833 932 403 124 yetzund
3328 932 253 124 korien
3708 932 310 124 ein...
4203 932 483 124 egister..

2239 1044 366 119 etruckt
2727 1044 74 119 zii
2911 1044 305 119 Ziirieh
3338 1044 123 119 bey
3595 1044 611 119 Ohristoffe1
4340 1044 184 119 Fro-

2184 1156 371 156 schouer
2678 1156 0 156 /
2790 1156 49 156 im
3037 1156 62 156 ar
3223 1156 123 156 als
3458 1156 123 156 man
3705 1156 185 156 zalt
4002 1156 0 156 "
4064 1156 507 156 M.D.XLII.

1273 1381 842 107 Besitzvermerke:
2231 1381 456 107 Maritij
2804 1381 105 107 sum
3038 1381 12 107 5
3155 1381 386 107 Aprilis
3657 1381 117 107 84.

2228 1478 142 111 unc
2476 1478 60 111 in
2678 1478 603 111 Pibliotheea
3459 1478 545 111 igurinarum
4122 1478 497 111 publica.-

1242 1657 446 96 Widmunga

1057 2081 330 77 hinten

1244 2185 752 81 Vorsatzblatt:

2183 1632 737 117 Christophorus
3020 1632 324 117 Kaesaxr
3523 1632 369 117 auritio
4015 1632 189 117 dono
4316 1632 246 117 dedit

2163 1761 0 96 V
2301 1761 378 96 Aprilis
2793 1761 138 96 158

2170 1813 555 139 imaeaiea
2867 1813 111 139 iea
3153 1813 364 139 ockeis:
3707 1813 191 139 obet
3993 1813 142 139 vuna
4310 1813 31 139 xr
4500 1813 364 139 ibiris.

2240 2167 182 116 opie
2547 2167 136 116 des
2808 2167 364 116 Briefes
3263 2167 136 116 von
3536 2167 489 116 Bullinger
4138 2167 57 116 an
4309 2167 261 116 loriz

2186 2289 610 93 Bchneewolf1
2919 2289 183 93 1567
3224 2289 366 93 Oktober
3712 2289 123 93 l3.

2185 2377 596 134 (Vermutlich
2910 2377 140 134 1958
3202 2377 141 134 von
3471 2377 550 134 Ch.aosar
4127 2377 456 134 kopiet)

2175 2527 130 109 auf
2424 2527 130 109 der
2663 2527 499 109 Riickseite
3270 2527 488 109 `"otandum
3878 2527 325 109 bene..
4257 2527 76 109 .''

2394 2700 2168 223 .::.a..--

2192 2920 234 106 Bibel
2543 2920 58 106 in
2718 2920 585 106 trauenfeld
3397 2920 117 106 vom
3666 2920 410 106 Lendvogt
4193 2920 327 106 Haspar

2160 3014 563 119 Wyssenbach
2845 3014 121 119 von
3154 3014 552 119 nterwalden
3838 3014 607 119 aufgebunden
4556 3014 265 119 wurde

2162 3145 0 126 w
2840 3145 569 126 verbrennen
3517 3145 407 126 borahl,
4033 3145 149 126 vas
4290 3145 271 126 nioht

2159 3239 565 103 ausgefiiht
2823 3239 322 103 wurde.
