4920 3473
1380 1048 340 96 Jan-Andrea
1788 1048 357 96 B1RNIIARD,
2264 1048 153 96 Briefe
2468 1048 43 96 an
2579 1048 238 96 Heinrich
2902 1048 255 96 Bullinger
3200 1048 34 96 im
3336 1048 110 96 Blick
3514 1048 77 96 auf

1378 1142 368 88 IEntstehung,
1844 1142 303 88 Abfassung
2229 1142 106 88 und
2425 1142 278 88 Rezeption
2810 1142 73 88 der
2957 1142 311 88 `Confessio
3374 1142 213 88 Raetica'

1383 1234 312 86 (1552/53),
1741 1234 37 86 in
1824 1234 0 86 :
1897 1234 293 86 Zvinglian,
2255 1234 73 86 Bd.
2374 1234 73 86 40,
2502 1234 147 86 2013,
2704 1234 28 86 S.
2787 1234 174 86 37-71.
3016 1234 37 86 In
3126 1234 147 86 diesem
3383 1234 202 86 Aufsatz

1381 1330 110 80 sind
1534 1330 256 80 folgende
1849 1330 154 80 Briefe
2046 1330 315 80 veroffentli

1493 1448 0 74 -
1545 1448 74 74 Pier
1663 1448 117 74 Paolo
1824 1448 214 74 Vergerio
2075 1448 36 74 an
2170 1448 236 74 Bullinger,
2442 1448 59 74 15.
2545 1448 265 74 November
2854 1448 133 74 1552,
3024 1448 66 74 auf
3127 1448 22 74 S.
3193 1448 147 74 55-57.

1493 1525 265 89 -Johannes
1814 1525 240 89 Comander
2086 1525 88 89 und
2222 1525 145 89 Philipp
2439 1525 200 89 Gallicius
2679 1525 32 89 an
2775 1525 233 89 Bullinger,
3056 1525 56 89 12.
3160 1525 257 89 Dezember
3473 1525 64 89 155

1610 1603 70 53 auf
1726 1603 23 53 S.
1788 1603 147 53 57-59.

1490 1680 259 81 -Johannes
1813 1680 244 81 Comander
2100 1680 86 81 und
2237 1680 150 81 Philipp
2466 1680 201 81 Gallicius
2717 1680 29 81 an
2818 1680 229 81 Bullinger,
3105 1680 21 81 6.
3169 1680 130 81 Mairz
3349 1680 129 81 1553,
3521 1680 72 81 auf

1617 1757 24 50 S.
1681 1757 152 50 59-62.

1489 1833 262 83 -Johannes
1804 1833 248 83 Comander
2089 1833 83 83 und
2225 1833 150 83 Philipp
2442 1833 203 83 Gallicius
2690 1833 38 83 an
2788 1833 240 83 Bullinger,
3073 1833 60 83 22.
3178 1833 128 83 April
3351 1833 128 83 1553,
3524 1833 67 83 auf

1616 1912 25 50 S.
1682 1912 149 50 62-67.

1486 1985 0 71 -
1538 1985 147 71 Philipp
1751 1985 198 71 Gallicius
1994 1985 29 71 an
2082 1985 235 71 Bullinger,
2361 1985 22 71 6.
2427 1985 96 71 Juni
2567 1985 125 71 1553,
2729 1985 66 71 auf
2839 1985 22 71 S.
2905 1985 147 71 67-69.

1486 2062 0 73 -
1531 2062 150 73 Philipp
1749 2062 203 73 Gallicius
1990 2062 30 73 an
2080 2062 233 73 Bullinger,
2358 2062 23 73 2.
2426 2062 278 73 September
2749 2062 128 73 1553,
2915 2062 68 73 auf
3020 2062 23 73 S.
3088 2062 143 73 69-71.
