4959 3642
706 151 275 75 Schluss
1053 151 91 75 des
1226 151 276 75 Briefes:

3135 17 371 52 -71-

710 256 356 102 Postremas
1122 256 121 102 tuas
1300 256 290 102 vigili]as
1646 256 234 102 accepi,
1926 256 131 102 libri
2123 256 178 102 digni,
2366 256 75 102 qui
2488 256 318 102 legantur,
2853 256 56 102 ac
2974 256 94 102 deo
3133 256 131 102 meo
3339 256 206 102 gratias
3601 256 168 102 ago.

696 486 106 108 Mit
870 486 183 108 diesen
1121 486 232 108 vigilias
1411 486 58 108 ist
1537 486 87 108 das
1701 486 290 108 Ergebnis
2049 486 396 108 nichtlicher
2513 486 203 108 Arbeit
2774 486 48 108 zu
2880 486 339 108 verstehen
3286 486 10 108 (
3460 486 551 108 Lucubrationes).

716 603 275 91 Dadurch
1065 603 147 91 wird
1267 603 101 91 uns
1423 603 120 91 also
1607 603 165 91 nicht
1837 603 174 91 etwas
2066 603 92 91 zum
2259 603 202 91 Inhalt
2526 603 137 91 oder
2719 603 91 91 zum
2939 603 129 91 Titel
3132 603 83 91 der
3270 603 229 91 Schrift
3564 603 340 91 Bullingers

696 716 312 100 verraten.
1082 716 156 100 Doch
1330 716 64 100 die
1458 716 147 100 oben
1669 716 266 100 moglich
2018 716 330 100 gemachte
2404 716 284 100 zeitliche
2771 716 413 100 Einordnung
3239 716 312 100 zwischen
3643 716 156 100 Ende

711 826 373 110 September
1143 826 148 110 1551
1350 826 128 110 und
1537 826 255 110 Anfang
1842 826 167 110 Mirz
2068 826 147 110 1552
2284 826 236 110 erlaubt
2579 826 79 110 die
2707 826 443 110 Vermutung,
3218 826 118 110 dass
3386 826 29 110 in
3504 826 186 110 diesem
3799 826 157 110 Brief
3995 826 108 110 von

720 947 85 97 der
872 947 218 97 Perectio
1157 947 313 97 cbristianor
1622 947 276 97 (VD16,
1965 947 9 97 B
2041 947 180 97 9660)
2297 947 333 97 Bullingers
2706 947 66 97 die
2839 947 152 97 Rede
3048 947 66 97 ist

812 1051 3008 107 tigizlglasa2nbisziessfzselesAl221Z25L2L)
3897 1051 193 107 desseo

708 1164 304 106 Vorwort
1050 1164 114 106 von
1240 1164 380 106 September
1677 1164 143 106 1551
1896 1164 209 106 datiert
2162 1164 123 106 und
2352 1164 76 106 das
2485 1164 361 106 Kolophon
2941 1164 276 106 Oktober
3274 1164 152 106 1551
3483 1164 285 106 anfiihrt.
3834 1164 124 106 Also

699 1277 211 85 wiuirde
965 1277 64 85 ich
1130 1277 128 85 dazu
1313 1277 321 85 tendieren
1726 1277 220 85 Deinen
2029 1277 155 85 Brief
2221 1277 110 85 von
2432 1277 275 85 Oktober
2771 1277 431 85 /November
3266 1277 138 85 1551
3468 1277 55 85 zu
3606 1277 284 85 datieren.
