<?xml version="1.0" encoding="UTF-8"?>
<alto xmlns:xsi="http://www.w3.org/2001/XMLSchema-instance"
	xmlns="http://www.loc.gov/standards/alto/ns-v4#"
	xsi:schemaLocation="http://www.loc.gov/standards/alto/ns-v4# http://www.loc.gov/standards/alto/v4/alto-4-0.xsd">
	<Description>
		<MeasurementUnit>pixel</MeasurementUnit>
		<sourceImageInformation>
			<fileName>/var/folders/rg/b9n_00t151zd086p_fbb3kcr0000gn/T/tmpi9bf8ysw</fileName>
		</sourceImageInformation>
		<OCRProcessing ID="OCR_0">
			<ocrProcessingStep>
				<processingSoftware>
					<softwareName>kraken</softwareName>
				</processingSoftware>
			</ocrProcessingStep>
		</OCRProcessing>
	</Description>

	<Layout>
		<Page WIDTH="4946" HEIGHT="7048" PHYSICAL_IMG_NR="0" ID="page_0">
			<PrintSpace HPOS="0" VPOS="0" WIDTH="4946" HEIGHT="7048">
				<TextBlock HPOS="0" VPOS="0" ID="textblock_0" WIDTH="4946" HEIGHT="7048">
					<TextLine ID="line_0"
						  HPOS="68"
						  VPOS="61" 
						  WIDTH="213" 
						  HEIGHT="92">
							<String ID="segment_0"
								CONTENT=",." 
								HPOS="68" 
								VPOS="61"
								WIDTH="213" 
								HEIGHT="92" 
								WC="0.9992">
								<Glyph ID="char_0" 
								       CONTENT=","
								       HPOS="68"
								       VPOS="61"
								       WIDTH="0"
								       HEIGHT="92"
								       GC="0.9996">
								</Glyph>
								<Glyph ID="char_1" 
								       CONTENT="."
								       HPOS="281"
								       VPOS="61"
								       WIDTH="0"
								       HEIGHT="92"
								       GC="0.9987">
								</Glyph>
							</String>
					</TextLine>
					<TextLine ID="line_1"
						  HPOS="123"
						  VPOS="307" 
						  WIDTH="100" 
						  HEIGHT="66">
							<String ID="segment_1"
								CONTENT="aA" 
								HPOS="123" 
								VPOS="307"
								WIDTH="100" 
								HEIGHT="66" 
								WC="0.623">
								<Glyph ID="char_2" 
								       CONTENT="a"
								       HPOS="123"
								       VPOS="307"
								       WIDTH="0"
								       HEIGHT="66"
								       GC="0.6801">
								</Glyph>
								<Glyph ID="char_3" 
								       CONTENT="A"
								       HPOS="223"
								       VPOS="307"
								       WIDTH="0"
								       HEIGHT="66"
								       GC="0.566">
								</Glyph>
							</String>
					</TextLine>
					<TextLine ID="line_2"
						  HPOS="238"
						  VPOS="3483" 
						  WIDTH="210" 
						  HEIGHT="153">
							<String ID="segment_2"
								CONTENT="..:" 
								HPOS="238" 
								VPOS="3483"
								WIDTH="210" 
								HEIGHT="153" 
								WC="0.967">
								<Glyph ID="char_4" 
								       CONTENT="."
								       HPOS="238"
								       VPOS="3483"
								       WIDTH="0"
								       HEIGHT="153"
								       GC="0.9818">
								</Glyph>
								<Glyph ID="char_5" 
								       CONTENT="."
								       HPOS="384"
								       VPOS="3483"
								       WIDTH="0"
								       HEIGHT="153"
								       GC="0.9655">
								</Glyph>
								<Glyph ID="char_6" 
								       CONTENT=":"
								       HPOS="448"
								       VPOS="3483"
								       WIDTH="0"
								       HEIGHT="153"
								       GC="0.9538">
								</Glyph>
							</String>
					</TextLine>
					<TextLine ID="line_3"
						  HPOS="199"
						  VPOS="6692" 
						  WIDTH="0" 
						  HEIGHT="68">
							<String ID="segment_3"
								CONTENT="s" 
								HPOS="199" 
								VPOS="6692"
								WIDTH="0" 
								HEIGHT="68" 
								WC="0.9597">
								<Glyph ID="char_7" 
								       CONTENT="s"
								       HPOS="199"
								       VPOS="6692"
								       WIDTH="0"
								       HEIGHT="68"
								       GC="0.9597">
								</Glyph>
							</String>
					</TextLine>
					<TextLine ID="line_4"
						  HPOS="275"
						  VPOS="6797" 
						  WIDTH="0" 
						  HEIGHT="118">
							<String ID="segment_4"
								CONTENT="1" 
								HPOS="275" 
								VPOS="6797"
								WIDTH="0" 
								HEIGHT="118" 
								WC="0.9884">
								<Glyph ID="char_8" 
								       CONTENT="1"
								       HPOS="275"
								       VPOS="6797"
								       WIDTH="0"
								       HEIGHT="118"
								       GC="0.9884">
								</Glyph>
							</String>
					</TextLine>
					<TextLine ID="line_5"
						  HPOS="2507"
						  VPOS="135" 
						  WIDTH="0" 
						  HEIGHT="136">
							<String ID="segment_5"
								CONTENT="O" 
								HPOS="2507" 
								VPOS="135"
								WIDTH="0" 
								HEIGHT="136" 
								WC="0.9983">
								<Glyph ID="char_9" 
								       CONTENT="O"
								       HPOS="2507"
								       VPOS="135"
								       WIDTH="0"
								       HEIGHT="136"
								       GC="0.9983">
								</Glyph>
							</String>
					</TextLine>
					<TextLine ID="line_6"
						  HPOS="1016"
						  VPOS="928" 
						  WIDTH="3146" 
						  HEIGHT="127">
							<String ID="segment_6"
								CONTENT="und" 
								HPOS="1016" 
								VPOS="928"
								WIDTH="137" 
								HEIGHT="127" 
								WC="1.0">
								<Glyph ID="char_10" 
								       CONTENT="u"
								       HPOS="1016"
								       VPOS="928"
								       WIDTH="12"
								       HEIGHT="127"
								       GC="1.0">
								</Glyph>
								<Glyph ID="char_11" 
								       CONTENT="n"
								       HPOS="1073"
								       VPOS="928"
								       WIDTH="12"
								       HEIGHT="127"
								       GC="1.0">
								</Glyph>
								<Glyph ID="char_12" 
								       CONTENT="d"
								       HPOS="1141"
								       VPOS="928"
								       WIDTH="12"
								       HEIGHT="127"
								       GC="1.0">
								</Glyph>
							</String>
							<SP ID="segment_7"
							    HPOS="1164" 
							    VPOS="928"
							    WIDTH="23" 
							    HEIGHT="127"/>
							<String ID="segment_8"
								CONTENT="syend" 
								HPOS="1221" 
								VPOS="928"
								WIDTH="216" 
								HEIGHT="127" 
								WC="0.9999">
								<Glyph ID="char_14" 
								       CONTENT="s"
								       HPOS="1221"
								       VPOS="928"
								       WIDTH="0"
								       HEIGHT="127"
								       GC="0.9995">
								</Glyph>
								<Glyph ID="char_15" 
								       CONTENT="y"
								       HPOS="1255"
								       VPOS="928"
								       WIDTH="0"
								       HEIGHT="127"
								       GC="1.0">
								</Glyph>
								<Glyph ID="char_16" 
								       CONTENT="e"
								       HPOS="1323"
								       VPOS="928"
								       WIDTH="0"
								       HEIGHT="127"
								       GC="1.0">
								</Glyph>
								<Glyph ID="char_17" 
								       CONTENT="n"
								       HPOS="1357"
								       VPOS="928"
								       WIDTH="0"
								       HEIGHT="127"
								       GC="1.0">
								</Glyph>
								<Glyph ID="char_18" 
								       CONTENT="d"
								       HPOS="1425"
								       VPOS="928"
								       WIDTH="12"
								       HEIGHT="127"
								       GC="1.0">
								</Glyph>
							</String>
							<SP ID="segment_9"
							    HPOS="1448" 
							    VPOS="928"
							    WIDTH="23" 
							    HEIGHT="127"/>
							<String ID="segment_10"
								CONTENT="also" 
								HPOS="1505" 
								VPOS="928"
								WIDTH="125" 
								HEIGHT="127" 
								WC="1.0">
								<Glyph ID="char_20" 
								       CONTENT="a"
								       HPOS="1505"
								       VPOS="928"
								       WIDTH="0"
								       HEIGHT="127"
								       GC="1.0">
								</Glyph>
								<Glyph ID="char_21" 
								       CONTENT="l"
								       HPOS="1539"
								       VPOS="928"
								       WIDTH="11"
								       HEIGHT="127"
								       GC="1.0">
								</Glyph>
								<Glyph ID="char_22" 
								       CONTENT="s"
								       HPOS="1584"
								       VPOS="928"
								       WIDTH="0"
								       HEIGHT="127"
								       GC="1.0">
								</Glyph>
								<Glyph ID="char_23" 
								       CONTENT="o"
								       HPOS="1630"
								       VPOS="928"
								       WIDTH="0"
								       HEIGHT="127"
								       GC="1.0">
								</Glyph>
							</String>
							<SP ID="segment_11"
							    HPOS="1664" 
							    VPOS="928"
							    WIDTH="11" 
							    HEIGHT="127"/>
							<String ID="segment_12"
								CONTENT="in" 
								HPOS="1698" 
								VPOS="928"
								WIDTH="45" 
								HEIGHT="127" 
								WC="1.0">
								<Glyph ID="char_25" 
								       CONTENT="i"
								       HPOS="1698"
								       VPOS="928"
								       WIDTH="11"
								       HEIGHT="127"
								       GC="1.0">
								</Glyph>
								<Glyph ID="char_26" 
								       CONTENT="n"
								       HPOS="1743"
								       VPOS="928"
								       WIDTH="0"
								       HEIGHT="127"
								       GC="1.0">
								</Glyph>
							</String>
							<SP ID="segment_13"
							    HPOS="1777" 
							    VPOS="928"
							    WIDTH="23" 
							    HEIGHT="127"/>
							<String ID="segment_14"
								CONTENT="hochster" 
								HPOS="1823" 
								VPOS="928"
								WIDTH="329" 
								HEIGHT="127" 
								WC="1.0">
								<Glyph ID="char_28" 
								       CONTENT="h"
								       HPOS="1823"
								       VPOS="928"
								       WIDTH="11"
								       HEIGHT="127"
								       GC="1.0">
								</Glyph>
								<Glyph ID="char_29" 
								       CONTENT="o"
								       HPOS="1891"
								       VPOS="928"
								       WIDTH="0"
								       HEIGHT="127"
								       GC="1.0">
								</Glyph>
								<Glyph ID="char_30" 
								       CONTENT="c"
								       HPOS="1936"
								       VPOS="928"
								       WIDTH="12"
								       HEIGHT="127"
								       GC="1.0">
								</Glyph>
								<Glyph ID="char_31" 
								       CONTENT="h"
								       HPOS="1970"
								       VPOS="928"
								       WIDTH="12"
								       HEIGHT="127"
								       GC="1.0">
								</Glyph>
								<Glyph ID="char_32" 
								       CONTENT="s"
								       HPOS="2039"
								       VPOS="928"
								       WIDTH="0"
								       HEIGHT="127"
								       GC="1.0">
								</Glyph>
								<Glyph ID="char_33" 
								       CONTENT="t"
								       HPOS="2073"
								       VPOS="928"
								       WIDTH="0"
								       HEIGHT="127"
								       GC="1.0">
								</Glyph>
								<Glyph ID="char_34" 
								       CONTENT="e"
								       HPOS="2107"
								       VPOS="928"
								       WIDTH="11"
								       HEIGHT="127"
								       GC="1.0">
								</Glyph>
								<Glyph ID="char_35" 
								       CONTENT="r"
								       HPOS="2141"
								       VPOS="928"
								       WIDTH="11"
								       HEIGHT="127"
								       GC="1.0">
								</Glyph>
							</String>
							<SP ID="segment_15"
							    HPOS="2175" 
							    VPOS="928"
							    WIDTH="11" 
							    HEIGHT="127"/>
							<String ID="segment_16"
								CONTENT="lieb" 
								HPOS="2220" 
								VPOS="928"
								WIDTH="103" 
								HEIGHT="127" 
								WC="0.9879">
								<Glyph ID="char_37" 
								       CONTENT="l"
								       HPOS="2220"
								       VPOS="928"
								       WIDTH="0"
								       HEIGHT="127"
								       GC="1.0">
								</Glyph>
								<Glyph ID="char_38" 
								       CONTENT="i"
								       HPOS="2243"
								       VPOS="928"
								       WIDTH="0"
								       HEIGHT="127"
								       GC="1.0">
								</Glyph>
								<Glyph ID="char_39" 
								       CONTENT="e"
								       HPOS="2288"
								       VPOS="928"
								       WIDTH="0"
								       HEIGHT="127"
								       GC="0.9522">
								</Glyph>
								<Glyph ID="char_40" 
								       CONTENT="b"
								       HPOS="2323"
								       VPOS="928"
								       WIDTH="0"
								       HEIGHT="127"
								       GC="0.9994">
								</Glyph>
							</String>
							<SP ID="segment_17"
							    HPOS="2368" 
							    VPOS="928"
							    WIDTH="11" 
							    HEIGHT="127"/>
							<String ID="segment_18"
								CONTENT="und" 
								HPOS="2413" 
								VPOS="928"
								WIDTH="125" 
								HEIGHT="127" 
								WC="0.9886">
								<Glyph ID="char_42" 
								       CONTENT="u"
								       HPOS="2413"
								       VPOS="928"
								       WIDTH="12"
								       HEIGHT="127"
								       GC="1.0">
								</Glyph>
								<Glyph ID="char_43" 
								       CONTENT="n"
								       HPOS="2470"
								       VPOS="928"
								       WIDTH="0"
								       HEIGHT="127"
								       GC="0.9658">
								</Glyph>
								<Glyph ID="char_44" 
								       CONTENT="d"
								       HPOS="2527"
								       VPOS="928"
								       WIDTH="11"
								       HEIGHT="127"
								       GC="1.0">
								</Glyph>
							</String>
							<SP ID="segment_19"
							    HPOS="2561" 
							    VPOS="928"
							    WIDTH="11" 
							    HEIGHT="127"/>
							<String ID="segment_20"
								CONTENT="friintschafft" 
								HPOS="2606" 
								VPOS="928"
								WIDTH="455" 
								HEIGHT="127" 
								WC="0.9817">
								<Glyph ID="char_46" 
								       CONTENT="f"
								       HPOS="2606"
								       VPOS="928"
								       WIDTH="12"
								       HEIGHT="127"
								       GC="1.0">
								</Glyph>
								<Glyph ID="char_47" 
								       CONTENT="r"
								       HPOS="2641"
								       VPOS="928"
								       WIDTH="11"
								       HEIGHT="127"
								       GC="1.0">
								</Glyph>
								<Glyph ID="char_48" 
								       CONTENT="i"
								       HPOS="2675"
								       VPOS="928"
								       WIDTH="0"
								       HEIGHT="127"
								       GC="1.0">
								</Glyph>
								<Glyph ID="char_49" 
								       CONTENT="i"
								       HPOS="2697"
								       VPOS="928"
								       WIDTH="0"
								       HEIGHT="127"
								       GC="1.0">
								</Glyph>
								<Glyph ID="char_50" 
								       CONTENT="n"
								       HPOS="2731"
								       VPOS="928"
								       WIDTH="0"
								       HEIGHT="127"
								       GC="1.0">
								</Glyph>
								<Glyph ID="char_51" 
								       CONTENT="t"
								       HPOS="2777"
								       VPOS="928"
								       WIDTH="0"
								       HEIGHT="127"
								       GC="1.0">
								</Glyph>
								<Glyph ID="char_52" 
								       CONTENT="s"
								       HPOS="2811"
								       VPOS="928"
								       WIDTH="0"
								       HEIGHT="127"
								       GC="1.0">
								</Glyph>
								<Glyph ID="char_53" 
								       CONTENT="c"
								       HPOS="2856"
								       VPOS="928"
								       WIDTH="0"
								       HEIGHT="127"
								       GC="0.7961">
								</Glyph>
								<Glyph ID="char_54" 
								       CONTENT="h"
								       HPOS="2890"
								       VPOS="928"
								       WIDTH="0"
								       HEIGHT="127"
								       GC="0.996">
								</Glyph>
								<Glyph ID="char_55" 
								       CONTENT="a"
								       HPOS="2947"
								       VPOS="928"
								       WIDTH="12"
								       HEIGHT="127"
								       GC="0.9991">
								</Glyph>
								<Glyph ID="char_56" 
								       CONTENT="f"
								       HPOS="2993"
								       VPOS="928"
								       WIDTH="11"
								       HEIGHT="127"
								       GC="0.9948">
								</Glyph>
								<Glyph ID="char_57" 
								       CONTENT="f"
								       HPOS="3027"
								       VPOS="928"
								       WIDTH="11"
								       HEIGHT="127"
								       GC="0.9785">
								</Glyph>
								<Glyph ID="char_58" 
								       CONTENT="t"
								       HPOS="3061"
								       VPOS="928"
								       WIDTH="0"
								       HEIGHT="127"
								       GC="0.9975">
								</Glyph>
							</String>
							<SP ID="segment_21"
							    HPOS="3084" 
							    VPOS="928"
							    WIDTH="22" 
							    HEIGHT="127"/>
							<String ID="segment_22"
								CONTENT="abgescheyden." 
								HPOS="3129" 
								VPOS="928"
								WIDTH="579" 
								HEIGHT="127" 
								WC="0.9865">
								<Glyph ID="char_60" 
								       CONTENT="a"
								       HPOS="3129"
								       VPOS="928"
								       WIDTH="11"
								       HEIGHT="127"
								       GC="1.0">
								</Glyph>
								<Glyph ID="char_61" 
								       CONTENT="b"
								       HPOS="3174"
								       VPOS="928"
								       WIDTH="0"
								       HEIGHT="127"
								       GC="0.9999">
								</Glyph>
								<Glyph ID="char_62" 
								       CONTENT="g"
								       HPOS="3231"
								       VPOS="928"
								       WIDTH="12"
								       HEIGHT="127"
								       GC="1.0">
								</Glyph>
								<Glyph ID="char_63" 
								       CONTENT="e"
								       HPOS="3288"
								       VPOS="928"
								       WIDTH="0"
								       HEIGHT="127"
								       GC="1.0">
								</Glyph>
								<Glyph ID="char_64" 
								       CONTENT="s"
								       HPOS="3333"
								       VPOS="928"
								       WIDTH="0"
								       HEIGHT="127"
								       GC="1.0">
								</Glyph>
								<Glyph ID="char_65" 
								       CONTENT="c"
								       HPOS="3379"
								       VPOS="928"
								       WIDTH="0"
								       HEIGHT="127"
								       GC="1.0">
								</Glyph>
								<Glyph ID="char_66" 
								       CONTENT="h"
								       HPOS="3413"
								       VPOS="928"
								       WIDTH="0"
								       HEIGHT="127"
								       GC="1.0">
								</Glyph>
								<Glyph ID="char_67" 
								       CONTENT="e"
								       HPOS="3470"
								       VPOS="928"
								       WIDTH="11"
								       HEIGHT="127"
								       GC="1.0">
								</Glyph>
								<Glyph ID="char_68" 
								       CONTENT="y"
								       HPOS="3504"
								       VPOS="928"
								       WIDTH="0"
								       HEIGHT="127"
								       GC="0.9999">
								</Glyph>
								<Glyph ID="char_69" 
								       CONTENT="d"
								       HPOS="3572"
								       VPOS="928"
								       WIDTH="11"
								       HEIGHT="127"
								       GC="0.999">
								</Glyph>
								<Glyph ID="char_70" 
								       CONTENT="e"
								       HPOS="3617"
								       VPOS="928"
								       WIDTH="12"
								       HEIGHT="127"
								       GC="1.0">
								</Glyph>
								<Glyph ID="char_71" 
								       CONTENT="n"
								       HPOS="3663"
								       VPOS="928"
								       WIDTH="0"
								       HEIGHT="127"
								       GC="0.8251">
								</Glyph>
								<Glyph ID="char_72" 
								       CONTENT="."
								       HPOS="3697"
								       VPOS="928"
								       WIDTH="11"
								       HEIGHT="127"
								       GC="1.0">
								</Glyph>
							</String>
							<SP ID="segment_23"
							    HPOS="3720" 
							    VPOS="928"
							    WIDTH="34" 
							    HEIGHT="127"/>
							<String ID="segment_24"
								CONTENT="Man" 
								HPOS="3776" 
								VPOS="928"
								WIDTH="148" 
								HEIGHT="127" 
								WC="1.0">
								<Glyph ID="char_74" 
								       CONTENT="M"
								       HPOS="3776"
								       VPOS="928"
								       WIDTH="12"
								       HEIGHT="127"
								       GC="1.0">
								</Glyph>
								<Glyph ID="char_75" 
								       CONTENT="a"
								       HPOS="3867"
								       VPOS="928"
								       WIDTH="12"
								       HEIGHT="127"
								       GC="1.0">
								</Glyph>
								<Glyph ID="char_76" 
								       CONTENT="n"
								       HPOS="3913"
								       VPOS="928"
								       WIDTH="11"
								       HEIGHT="127"
								       GC="1.0">
								</Glyph>
							</String>
							<SP ID="segment_25"
							    HPOS="3958" 
							    VPOS="928"
							    WIDTH="11" 
							    HEIGHT="127"/>
							<String ID="segment_26"
								CONTENT="habe" 
								HPOS="4003" 
								VPOS="928"
								WIDTH="159" 
								HEIGHT="127" 
								WC="0.9991">
								<Glyph ID="char_78" 
								       CONTENT="h"
								       HPOS="4003"
								       VPOS="928"
								       WIDTH="0"
								       HEIGHT="127"
								       GC="1.0">
								</Glyph>
								<Glyph ID="char_79" 
								       CONTENT="a"
								       HPOS="4060"
								       VPOS="928"
								       WIDTH="12"
								       HEIGHT="127"
								       GC="0.9999">
								</Glyph>
								<Glyph ID="char_80" 
								       CONTENT="b"
								       HPOS="4106"
								       VPOS="928"
								       WIDTH="0"
								       HEIGHT="127"
								       GC="1.0">
								</Glyph>
								<Glyph ID="char_81" 
								       CONTENT="e"
								       HPOS="4162"
								       VPOS="928"
								       WIDTH="0"
								       HEIGHT="127"
								       GC="0.9963">
								</Glyph>
							</String>
					</TextLine>
					<TextLine ID="line_7"
						  HPOS="1032"
						  VPOS="1047" 
						  WIDTH="3139" 
						  HEIGHT="109">
							<String ID="segment_27"
								CONTENT="ouch" 
								HPOS="1032" 
								VPOS="1047"
								WIDTH="141" 
								HEIGHT="109" 
								WC="1.0">
								<Glyph ID="char_82" 
								       CONTENT="o"
								       HPOS="1032"
								       VPOS="1047"
								       WIDTH="0"
								       HEIGHT="109"
								       GC="1.0">
								</Glyph>
								<Glyph ID="char_83" 
								       CONTENT="u"
								       HPOS="1075"
								       VPOS="1047"
								       WIDTH="11"
								       HEIGHT="109"
								       GC="1.0">
								</Glyph>
								<Glyph ID="char_84" 
								       CONTENT="c"
								       HPOS="1130"
								       VPOS="1047"
								       WIDTH="10"
								       HEIGHT="109"
								       GC="1.0">
								</Glyph>
								<Glyph ID="char_85" 
								       CONTENT="h"
								       HPOS="1162"
								       VPOS="1047"
								       WIDTH="11"
								       HEIGHT="109"
								       GC="1.0">
								</Glyph>
							</String>
							<SP ID="segment_28"
							    HPOS="1217" 
							    VPOS="1047"
							    WIDTH="10" 
							    HEIGHT="109"/>
							<String ID="segment_29"
								CONTENT="geredt" 
								HPOS="1260" 
								VPOS="1047"
								WIDTH="228" 
								HEIGHT="109" 
								WC="1.0">
								<Glyph ID="char_87" 
								       CONTENT="g"
								       HPOS="1260"
								       VPOS="1047"
								       WIDTH="11"
								       HEIGHT="109"
								       GC="1.0">
								</Glyph>
								<Glyph ID="char_88" 
								       CONTENT="e"
								       HPOS="1314"
								       VPOS="1047"
								       WIDTH="0"
								       HEIGHT="109"
								       GC="1.0">
								</Glyph>
								<Glyph ID="char_89" 
								       CONTENT="r"
								       HPOS="1347"
								       VPOS="1047"
								       WIDTH="11"
								       HEIGHT="109"
								       GC="1.0">
								</Glyph>
								<Glyph ID="char_90" 
								       CONTENT="e"
								       HPOS="1390"
								       VPOS="1047"
								       WIDTH="11"
								       HEIGHT="109"
								       GC="1.0">
								</Glyph>
								<Glyph ID="char_91" 
								       CONTENT="d"
								       HPOS="1445"
								       VPOS="1047"
								       WIDTH="10"
								       HEIGHT="109"
								       GC="1.0">
								</Glyph>
								<Glyph ID="char_92" 
								       CONTENT="t"
								       HPOS="1477"
								       VPOS="1047"
								       WIDTH="11"
								       HEIGHT="109"
								       GC="1.0">
								</Glyph>
							</String>
							<SP ID="segment_30"
							    HPOS="1499" 
							    VPOS="1047"
							    WIDTH="22" 
							    HEIGHT="109"/>
							<String ID="segment_31"
								CONTENT="vom" 
								HPOS="1542" 
								VPOS="1047"
								WIDTH="109" 
								HEIGHT="109" 
								WC="1.0">
								<Glyph ID="char_94" 
								       CONTENT="v"
								       HPOS="1542"
								       VPOS="1047"
								       WIDTH="0"
								       HEIGHT="109"
								       GC="1.0">
								</Glyph>
								<Glyph ID="char_95" 
								       CONTENT="o"
								       HPOS="1608"
								       VPOS="1047"
								       WIDTH="0"
								       HEIGHT="109"
								       GC="1.0">
								</Glyph>
								<Glyph ID="char_96" 
								       CONTENT="m"
								       HPOS="1651"
								       VPOS="1047"
								       WIDTH="0"
								       HEIGHT="109"
								       GC="1.0">
								</Glyph>
							</String>
							<SP ID="segment_32"
							    HPOS="1716" 
							    VPOS="1047"
							    WIDTH="11" 
							    HEIGHT="109"/>
							<String ID="segment_33"
								CONTENT="piindtschweren," 
								HPOS="1760" 
								VPOS="1047"
								WIDTH="630" 
								HEIGHT="109" 
								WC="0.9937">
								<Glyph ID="char_98" 
								       CONTENT="p"
								       HPOS="1760"
								       VPOS="1047"
								       WIDTH="0"
								       HEIGHT="109"
								       GC="0.9063">
								</Glyph>
								<Glyph ID="char_99" 
								       CONTENT="i"
								       HPOS="1803"
								       VPOS="1047"
								       WIDTH="0"
								       HEIGHT="109"
								       GC="1.0">
								</Glyph>
								<Glyph ID="char_100" 
								       CONTENT="i"
								       HPOS="1836"
								       VPOS="1047"
								       WIDTH="0"
								       HEIGHT="109"
								       GC="1.0">
								</Glyph>
								<Glyph ID="char_101" 
								       CONTENT="n"
								       HPOS="1868"
								       VPOS="1047"
								       WIDTH="0"
								       HEIGHT="109"
								       GC="1.0">
								</Glyph>
								<Glyph ID="char_102" 
								       CONTENT="d"
								       HPOS="1933"
								       VPOS="1047"
								       WIDTH="11"
								       HEIGHT="109"
								       GC="1.0">
								</Glyph>
								<Glyph ID="char_103" 
								       CONTENT="t"
								       HPOS="1966"
								       VPOS="1047"
								       WIDTH="0"
								       HEIGHT="109"
								       GC="1.0">
								</Glyph>
								<Glyph ID="char_104" 
								       CONTENT="s"
								       HPOS="1999"
								       VPOS="1047"
								       WIDTH="10"
								       HEIGHT="109"
								       GC="1.0">
								</Glyph>
								<Glyph ID="char_105" 
								       CONTENT="c"
								       HPOS="2042"
								       VPOS="1047"
								       WIDTH="11"
								       HEIGHT="109"
								       GC="1.0">
								</Glyph>
								<Glyph ID="char_106" 
								       CONTENT="h"
								       HPOS="2075"
								       VPOS="1047"
								       WIDTH="11"
								       HEIGHT="109"
								       GC="1.0">
								</Glyph>
								<Glyph ID="char_107" 
								       CONTENT="w"
								       HPOS="2129"
								       VPOS="1047"
								       WIDTH="11"
								       HEIGHT="109"
								       GC="1.0">
								</Glyph>
								<Glyph ID="char_108" 
								       CONTENT="e"
								       HPOS="2216"
								       VPOS="1047"
								       WIDTH="11"
								       HEIGHT="109"
								       GC="1.0">
								</Glyph>
								<Glyph ID="char_109" 
								       CONTENT="r"
								       HPOS="2259"
								       VPOS="1047"
								       WIDTH="0"
								       HEIGHT="109"
								       GC="0.9998">
								</Glyph>
								<Glyph ID="char_110" 
								       CONTENT="e"
								       HPOS="2292"
								       VPOS="1047"
								       WIDTH="11"
								       HEIGHT="109"
								       GC="1.0">
								</Glyph>
								<Glyph ID="char_111" 
								       CONTENT="n"
								       HPOS="2335"
								       VPOS="1047"
								       WIDTH="11"
								       HEIGHT="109"
								       GC="1.0">
								</Glyph>
								<Glyph ID="char_112" 
								       CONTENT=","
								       HPOS="2379"
								       VPOS="1047"
								       WIDTH="11"
								       HEIGHT="109"
								       GC="1.0">
								</Glyph>
							</String>
							<SP ID="segment_34"
							    HPOS="2401" 
							    VPOS="1047"
							    WIDTH="10" 
							    HEIGHT="109"/>
							<String ID="segment_35"
								CONTENT="und" 
								HPOS="2444" 
								VPOS="1047"
								WIDTH="130" 
								HEIGHT="109" 
								WC="1.0">
								<Glyph ID="char_114" 
								       CONTENT="u"
								       HPOS="2444"
								       VPOS="1047"
								       WIDTH="11"
								       HEIGHT="109"
								       GC="1.0">
								</Glyph>
								<Glyph ID="char_115" 
								       CONTENT="n"
								       HPOS="2498"
								       VPOS="1047"
								       WIDTH="0"
								       HEIGHT="109"
								       GC="1.0">
								</Glyph>
								<Glyph ID="char_116" 
								       CONTENT="d"
								       HPOS="2563"
								       VPOS="1047"
								       WIDTH="11"
								       HEIGHT="109"
								       GC="1.0">
								</Glyph>
							</String>
							<SP ID="segment_36"
							    HPOS="2585" 
							    VPOS="1047"
							    WIDTH="22" 
							    HEIGHT="109"/>
							<String ID="segment_37"
								CONTENT="so" 
								HPOS="2629" 
								VPOS="1047"
								WIDTH="54" 
								HEIGHT="109" 
								WC="0.9802">
								<Glyph ID="char_118" 
								       CONTENT="s"
								       HPOS="2629"
								       VPOS="1047"
								       WIDTH="11"
								       HEIGHT="109"
								       GC="1.0">
								</Glyph>
								<Glyph ID="char_119" 
								       CONTENT="o"
								       HPOS="2683"
								       VPOS="1047"
								       WIDTH="0"
								       HEIGHT="109"
								       GC="0.9604">
								</Glyph>
							</String>
							<SP ID="segment_38"
							    HPOS="2716" 
							    VPOS="1047"
							    WIDTH="10" 
							    HEIGHT="109"/>
							<String ID="segment_39"
								CONTENT="das" 
								HPOS="2770" 
								VPOS="1047"
								WIDTH="87" 
								HEIGHT="109" 
								WC="1.0">
								<Glyph ID="char_121" 
								       CONTENT="d"
								       HPOS="2770"
								       VPOS="1047"
								       WIDTH="11"
								       HEIGHT="109"
								       GC="1.0">
								</Glyph>
								<Glyph ID="char_122" 
								       CONTENT="a"
								       HPOS="2802"
								       VPOS="1047"
								       WIDTH="11"
								       HEIGHT="109"
								       GC="1.0">
								</Glyph>
								<Glyph ID="char_123" 
								       CONTENT="s"
								       HPOS="2857"
								       VPOS="1047"
								       WIDTH="0"
								       HEIGHT="109"
								       GC="0.9999">
								</Glyph>
							</String>
							<SP ID="segment_40"
							    HPOS="2878" 
							    VPOS="1047"
							    WIDTH="11" 
							    HEIGHT="109"/>
							<String ID="segment_41"
								CONTENT="beschahe," 
								HPOS="2911" 
								VPOS="1047"
								WIDTH="380" 
								HEIGHT="109" 
								WC="0.9958">
								<Glyph ID="char_125" 
								       CONTENT="b"
								       HPOS="2911"
								       VPOS="1047"
								       WIDTH="11"
								       HEIGHT="109"
								       GC="0.9925">
								</Glyph>
								<Glyph ID="char_126" 
								       CONTENT="e"
								       HPOS="2976"
								       VPOS="1047"
								       WIDTH="11"
								       HEIGHT="109"
								       GC="0.9895">
								</Glyph>
								<Glyph ID="char_127" 
								       CONTENT="s"
								       HPOS="3020"
								       VPOS="1047"
								       WIDTH="0"
								       HEIGHT="109"
								       GC="0.9953">
								</Glyph>
								<Glyph ID="char_128" 
								       CONTENT="c"
								       HPOS="3063"
								       VPOS="1047"
								       WIDTH="11"
								       HEIGHT="109"
								       GC="0.9999">
								</Glyph>
								<Glyph ID="char_129" 
								       CONTENT="h"
								       HPOS="3096"
								       VPOS="1047"
								       WIDTH="11"
								       HEIGHT="109"
								       GC="1.0">
								</Glyph>
								<Glyph ID="char_130" 
								       CONTENT="a"
								       HPOS="3161"
								       VPOS="1047"
								       WIDTH="0"
								       HEIGHT="109"
								       GC="0.9969">
								</Glyph>
								<Glyph ID="char_131" 
								       CONTENT="h"
								       HPOS="3193"
								       VPOS="1047"
								       WIDTH="11"
								       HEIGHT="109"
								       GC="0.9999">
								</Glyph>
								<Glyph ID="char_132" 
								       CONTENT="e"
								       HPOS="3259"
								       VPOS="1047"
								       WIDTH="11"
								       HEIGHT="109"
								       GC="1.0">
								</Glyph>
								<Glyph ID="char_133" 
								       CONTENT=","
								       HPOS="3291"
								       VPOS="1047"
								       WIDTH="0"
								       HEIGHT="109"
								       GC="0.9885">
								</Glyph>
							</String>
							<SP ID="segment_42"
							    HPOS="3313" 
							    VPOS="1047"
							    WIDTH="22" 
							    HEIGHT="109"/>
							<String ID="segment_43"
								CONTENT="das" 
								HPOS="3367" 
								VPOS="1047"
								WIDTH="98" 
								HEIGHT="109" 
								WC="1.0">
								<Glyph ID="char_135" 
								       CONTENT="d"
								       HPOS="3367"
								       VPOS="1047"
								       WIDTH="11"
								       HEIGHT="109"
								       GC="1.0">
								</Glyph>
								<Glyph ID="char_136" 
								       CONTENT="a"
								       HPOS="3411"
								       VPOS="1047"
								       WIDTH="0"
								       HEIGHT="109"
								       GC="1.0">
								</Glyph>
								<Glyph ID="char_137" 
								       CONTENT="s"
								       HPOS="3454"
								       VPOS="1047"
								       WIDTH="11"
								       HEIGHT="109"
								       GC="1.0">
								</Glyph>
							</String>
							<SP ID="segment_44"
							    HPOS="3487" 
							    VPOS="1047"
							    WIDTH="11" 
							    HEIGHT="109"/>
							<String ID="segment_45"
								CONTENT="ouch" 
								HPOS="3530" 
								VPOS="1047"
								WIDTH="141" 
								HEIGHT="109" 
								WC="0.9959">
								<Glyph ID="char_139" 
								       CONTENT="o"
								       HPOS="3530"
								       VPOS="1047"
								       WIDTH="11"
								       HEIGHT="109"
								       GC="1.0">
								</Glyph>
								<Glyph ID="char_140" 
								       CONTENT="u"
								       HPOS="3585"
								       VPOS="1047"
								       WIDTH="0"
								       HEIGHT="109"
								       GC="0.9992">
								</Glyph>
								<Glyph ID="char_141" 
								       CONTENT="c"
								       HPOS="3639"
								       VPOS="1047"
								       WIDTH="0"
								       HEIGHT="109"
								       GC="0.9843">
								</Glyph>
								<Glyph ID="char_142" 
								       CONTENT="h"
								       HPOS="3671"
								       VPOS="1047"
								       WIDTH="0"
								       HEIGHT="109"
								       GC="1.0">
								</Glyph>
							</String>
							<SP ID="segment_46"
							    HPOS="3715" 
							    VPOS="1047"
							    WIDTH="22" 
							    HEIGHT="109"/>
							<String ID="segment_47"
								CONTENT="die" 
								HPOS="3769" 
								VPOS="1047"
								WIDTH="87" 
								HEIGHT="109" 
								WC="1.0">
								<Glyph ID="char_144" 
								       CONTENT="d"
								       HPOS="3769"
								       VPOS="1047"
								       WIDTH="11"
								       HEIGHT="109"
								       GC="1.0">
								</Glyph>
								<Glyph ID="char_145" 
								       CONTENT="i"
								       HPOS="3802"
								       VPOS="1047"
								       WIDTH="11"
								       HEIGHT="109"
								       GC="1.0">
								</Glyph>
								<Glyph ID="char_146" 
								       CONTENT="e"
								       HPOS="3845"
								       VPOS="1047"
								       WIDTH="11"
								       HEIGHT="109"
								       GC="1.0">
								</Glyph>
							</String>
							<SP ID="segment_48"
							    HPOS="3878" 
							    VPOS="1047"
							    WIDTH="11" 
							    HEIGHT="109"/>
							<String ID="segment_49"
								CONTENT="fromb-" 
								HPOS="3921" 
								VPOS="1047"
								WIDTH="250" 
								HEIGHT="109" 
								WC="0.9615">
								<Glyph ID="char_148" 
								       CONTENT="f"
								       HPOS="3921"
								       VPOS="1047"
								       WIDTH="0"
								       HEIGHT="109"
								       GC="0.9999">
								</Glyph>
								<Glyph ID="char_149" 
								       CONTENT="r"
								       HPOS="3954"
								       VPOS="1047"
								       WIDTH="0"
								       HEIGHT="109"
								       GC="0.8527">
								</Glyph>
								<Glyph ID="char_150" 
								       CONTENT="o"
								       HPOS="3997"
								       VPOS="1047"
								       WIDTH="0"
								       HEIGHT="109"
								       GC="1.0">
								</Glyph>
								<Glyph ID="char_151" 
								       CONTENT="m"
								       HPOS="4041"
								       VPOS="1047"
								       WIDTH="0"
								       HEIGHT="109"
								       GC="0.994">
								</Glyph>
								<Glyph ID="char_152" 
								       CONTENT="b"
								       HPOS="4117"
								       VPOS="1047"
								       WIDTH="0"
								       HEIGHT="109"
								       GC="0.9224">
								</Glyph>
								<Glyph ID="char_153" 
								       CONTENT="-"
								       HPOS="4160"
								       VPOS="1047"
								       WIDTH="11"
								       HEIGHT="109"
								       GC="1.0">
								</Glyph>
							</String>
					</TextLine>
					<TextLine ID="line_8"
						  HPOS="1040"
						  VPOS="1156" 
						  WIDTH="3140" 
						  HEIGHT="120">
							<String ID="segment_50"
								CONTENT="den" 
								HPOS="1040" 
								VPOS="1156"
								WIDTH="87" 
								HEIGHT="120" 
								WC="1.0">
								<Glyph ID="char_154" 
								       CONTENT="d"
								       HPOS="1040"
								       VPOS="1156"
								       WIDTH="11"
								       HEIGHT="120"
								       GC="1.0">
								</Glyph>
								<Glyph ID="char_155" 
								       CONTENT="e"
								       HPOS="1083"
								       VPOS="1156"
								       WIDTH="0"
								       HEIGHT="120"
								       GC="1.0">
								</Glyph>
								<Glyph ID="char_156" 
								       CONTENT="n"
								       HPOS="1116"
								       VPOS="1156"
								       WIDTH="11"
								       HEIGHT="120"
								       GC="1.0">
								</Glyph>
							</String>
							<SP ID="segment_51"
							    HPOS="1159" 
							    VPOS="1156"
							    WIDTH="33" 
							    HEIGHT="120"/>
							<String ID="segment_52"
								CONTENT="daby" 
								HPOS="1246" 
								VPOS="1156"
								WIDTH="131" 
								HEIGHT="120" 
								WC="1.0">
								<Glyph ID="char_158" 
								       CONTENT="d"
								       HPOS="1246"
								       VPOS="1156"
								       WIDTH="11"
								       HEIGHT="120"
								       GC="1.0">
								</Glyph>
								<Glyph ID="char_159" 
								       CONTENT="a"
								       HPOS="1279"
								       VPOS="1156"
								       WIDTH="11"
								       HEIGHT="120"
								       GC="1.0">
								</Glyph>
								<Glyph ID="char_160" 
								       CONTENT="b"
								       HPOS="1322"
								       VPOS="1156"
								       WIDTH="0"
								       HEIGHT="120"
								       GC="1.0">
								</Glyph>
								<Glyph ID="char_161" 
								       CONTENT="y"
								       HPOS="1366"
								       VPOS="1156"
								       WIDTH="11"
								       HEIGHT="120"
								       GC="1.0">
								</Glyph>
							</String>
							<SP ID="segment_53"
							    HPOS="1420" 
							    VPOS="1156"
							    WIDTH="33" 
							    HEIGHT="120"/>
							<String ID="segment_54"
								CONTENT="sahind," 
								HPOS="1485" 
								VPOS="1156"
								WIDTH="272" 
								HEIGHT="120" 
								WC="0.9871">
								<Glyph ID="char_163" 
								       CONTENT="s"
								       HPOS="1485"
								       VPOS="1156"
								       WIDTH="11"
								       HEIGHT="120"
								       GC="1.0">
								</Glyph>
								<Glyph ID="char_164" 
								       CONTENT="a"
								       HPOS="1529"
								       VPOS="1156"
								       WIDTH="0"
								       HEIGHT="120"
								       GC="0.9094">
								</Glyph>
								<Glyph ID="char_165" 
								       CONTENT="h"
								       HPOS="1572"
								       VPOS="1156"
								       WIDTH="0"
								       HEIGHT="120"
								       GC="1.0">
								</Glyph>
								<Glyph ID="char_166" 
								       CONTENT="i"
								       HPOS="1616"
								       VPOS="1156"
								       WIDTH="10"
								       HEIGHT="120"
								       GC="1.0">
								</Glyph>
								<Glyph ID="char_167" 
								       CONTENT="n"
								       HPOS="1659"
								       VPOS="1156"
								       WIDTH="0"
								       HEIGHT="120"
								       GC="1.0">
								</Glyph>
								<Glyph ID="char_168" 
								       CONTENT="d"
								       HPOS="1724"
								       VPOS="1156"
								       WIDTH="11"
								       HEIGHT="120"
								       GC="1.0">
								</Glyph>
								<Glyph ID="char_169" 
								       CONTENT=","
								       HPOS="1746"
								       VPOS="1156"
								       WIDTH="11"
								       HEIGHT="120"
								       GC="1.0">
								</Glyph>
							</String>
							<SP ID="segment_55"
							    HPOS="1768" 
							    VPOS="1156"
							    WIDTH="43" 
							    HEIGHT="120"/>
							<String ID="segment_56"
								CONTENT="das" 
								HPOS="1855" 
								VPOS="1156"
								WIDTH="87" 
								HEIGHT="120" 
								WC="0.9925">
								<Glyph ID="char_171" 
								       CONTENT="d"
								       HPOS="1855"
								       VPOS="1156"
								       WIDTH="10"
								       HEIGHT="120"
								       GC="1.0">
								</Glyph>
								<Glyph ID="char_172" 
								       CONTENT="a"
								       HPOS="1898"
								       VPOS="1156"
								       WIDTH="0"
								       HEIGHT="120"
								       GC="1.0">
								</Glyph>
								<Glyph ID="char_173" 
								       CONTENT="s"
								       HPOS="1942"
								       VPOS="1156"
								       WIDTH="0"
								       HEIGHT="120"
								       GC="0.9776">
								</Glyph>
							</String>
							<SP ID="segment_57"
							    HPOS="1974" 
							    VPOS="1156"
							    WIDTH="33" 
							    HEIGHT="120"/>
							<String ID="segment_58"
								CONTENT="man" 
								HPOS="2039" 
								VPOS="1156"
								WIDTH="131" 
								HEIGHT="120" 
								WC="1.0">
								<Glyph ID="char_175" 
								       CONTENT="m"
								       HPOS="2039"
								       VPOS="1156"
								       WIDTH="0"
								       HEIGHT="120"
								       GC="1.0">
								</Glyph>
								<Glyph ID="char_176" 
								       CONTENT="a"
								       HPOS="2115"
								       VPOS="1156"
								       WIDTH="11"
								       HEIGHT="120"
								       GC="1.0">
								</Glyph>
								<Glyph ID="char_177" 
								       CONTENT="n"
								       HPOS="2159"
								       VPOS="1156"
								       WIDTH="11"
								       HEIGHT="120"
								       GC="1.0">
								</Glyph>
							</String>
							<SP ID="segment_59"
							    HPOS="2202" 
							    VPOS="1156"
							    WIDTH="33" 
							    HEIGHT="120"/>
							<String ID="segment_60"
								CONTENT="eins" 
								HPOS="2278" 
								VPOS="1156"
								WIDTH="131" 
								HEIGHT="120" 
								WC="1.0">
								<Glyph ID="char_179" 
								       CONTENT="e"
								       HPOS="2278"
								       VPOS="1156"
								       WIDTH="0"
								       HEIGHT="120"
								       GC="1.0">
								</Glyph>
								<Glyph ID="char_180" 
								       CONTENT="i"
								       HPOS="2311"
								       VPOS="1156"
								       WIDTH="11"
								       HEIGHT="120"
								       GC="1.0">
								</Glyph>
								<Glyph ID="char_181" 
								       CONTENT="n"
								       HPOS="2344"
								       VPOS="1156"
								       WIDTH="10"
								       HEIGHT="120"
								       GC="1.0">
								</Glyph>
								<Glyph ID="char_182" 
								       CONTENT="s"
								       HPOS="2398"
								       VPOS="1156"
								       WIDTH="11"
								       HEIGHT="120"
								       GC="1.0">
								</Glyph>
							</String>
							<SP ID="segment_61"
							    HPOS="2431" 
							    VPOS="1156"
							    WIDTH="32" 
							    HEIGHT="120"/>
							<String ID="segment_62"
								CONTENT="were," 
								HPOS="2496" 
								VPOS="1156"
								WIDTH="195" 
								HEIGHT="120" 
								WC="0.9676">
								<Glyph ID="char_184" 
								       CONTENT="w"
								       HPOS="2496"
								       VPOS="1156"
								       WIDTH="0"
								       HEIGHT="120"
								       GC="1.0">
								</Glyph>
								<Glyph ID="char_185" 
								       CONTENT="e"
								       HPOS="2583"
								       VPOS="1156"
								       WIDTH="0"
								       HEIGHT="120"
								       GC="0.8379">
								</Glyph>
								<Glyph ID="char_186" 
								       CONTENT="r"
								       HPOS="2615"
								       VPOS="1156"
								       WIDTH="11"
								       HEIGHT="120"
								       GC="1.0">
								</Glyph>
								<Glyph ID="char_187" 
								       CONTENT="e"
								       HPOS="2659"
								       VPOS="1156"
								       WIDTH="0"
								       HEIGHT="120"
								       GC="1.0">
								</Glyph>
								<Glyph ID="char_188" 
								       CONTENT=","
								       HPOS="2691"
								       VPOS="1156"
								       WIDTH="0"
								       HEIGHT="120"
								       GC="1.0">
								</Glyph>
							</String>
							<SP ID="segment_63"
							    HPOS="2713" 
							    VPOS="1156"
							    WIDTH="33" 
							    HEIGHT="120"/>
							<String ID="segment_64"
								CONTENT="und" 
								HPOS="2778" 
								VPOS="1156"
								WIDTH="131" 
								HEIGHT="120" 
								WC="0.888">
								<Glyph ID="char_190" 
								       CONTENT="u"
								       HPOS="2778"
								       VPOS="1156"
								       WIDTH="11"
								       HEIGHT="120"
								       GC="0.9999">
								</Glyph>
								<Glyph ID="char_191" 
								       CONTENT="n"
								       HPOS="2833"
								       VPOS="1156"
								       WIDTH="0"
								       HEIGHT="120"
								       GC="0.664">
								</Glyph>
								<Glyph ID="char_192" 
								       CONTENT="d"
								       HPOS="2898"
								       VPOS="1156"
								       WIDTH="11"
								       HEIGHT="120"
								       GC="1.0">
								</Glyph>
							</String>
							<SP ID="segment_65"
							    HPOS="2930" 
							    VPOS="1156"
							    WIDTH="33" 
							    HEIGHT="120"/>
							<String ID="segment_66"
								CONTENT="wutind," 
								HPOS="2985" 
								VPOS="1156"
								WIDTH="337" 
								HEIGHT="120" 
								WC="0.9999">
								<Glyph ID="char_194" 
								       CONTENT="w"
								       HPOS="2985"
								       VPOS="1156"
								       WIDTH="11"
								       HEIGHT="120"
								       GC="0.9999">
								</Glyph>
								<Glyph ID="char_195" 
								       CONTENT="u"
								       HPOS="3072"
								       VPOS="1156"
								       WIDTH="0"
								       HEIGHT="120"
								       GC="0.9999">
								</Glyph>
								<Glyph ID="char_196" 
								       CONTENT="t"
								       HPOS="3159"
								       VPOS="1156"
								       WIDTH="10"
								       HEIGHT="120"
								       GC="0.9997">
								</Glyph>
								<Glyph ID="char_197" 
								       CONTENT="i"
								       HPOS="3191"
								       VPOS="1156"
								       WIDTH="11"
								       HEIGHT="120"
								       GC="0.9999">
								</Glyph>
								<Glyph ID="char_198" 
								       CONTENT="n"
								       HPOS="3224"
								       VPOS="1156"
								       WIDTH="11"
								       HEIGHT="120"
								       GC="0.9998">
								</Glyph>
								<Glyph ID="char_199" 
								       CONTENT="d"
								       HPOS="3289"
								       VPOS="1156"
								       WIDTH="11"
								       HEIGHT="120"
								       GC="1.0">
								</Glyph>
								<Glyph ID="char_200" 
								       CONTENT=","
								       HPOS="3322"
								       VPOS="1156"
								       WIDTH="0"
								       HEIGHT="120"
								       GC="1.0">
								</Glyph>
							</String>
							<SP ID="segment_67"
							    HPOS="3343" 
							    VPOS="1156"
							    WIDTH="44" 
							    HEIGHT="120"/>
							<String ID="segment_68"
								CONTENT="das" 
								HPOS="3430" 
								VPOS="1156"
								WIDTH="87" 
								HEIGHT="120" 
								WC="1.0">
								<Glyph ID="char_202" 
								       CONTENT="d"
								       HPOS="3430"
								       VPOS="1156"
								       WIDTH="11"
								       HEIGHT="120"
								       GC="1.0">
								</Glyph>
								<Glyph ID="char_203" 
								       CONTENT="a"
								       HPOS="3463"
								       VPOS="1156"
								       WIDTH="11"
								       HEIGHT="120"
								       GC="1.0">
								</Glyph>
								<Glyph ID="char_204" 
								       CONTENT="s"
								       HPOS="3506"
								       VPOS="1156"
								       WIDTH="11"
								       HEIGHT="120"
								       GC="1.0">
								</Glyph>
							</String>
							<SP ID="segment_69"
							    HPOS="3539" 
							    VPOS="1156"
							    WIDTH="32" 
							    HEIGHT="120"/>
							<String ID="segment_70"
								CONTENT="sy" 
								HPOS="3615" 
								VPOS="1156"
								WIDTH="32" 
								HEIGHT="120" 
								WC="0.7739">
								<Glyph ID="char_206" 
								       CONTENT="s"
								       HPOS="3615"
								       VPOS="1156"
								       WIDTH="0"
								       HEIGHT="120"
								       GC="0.5478">
								</Glyph>
								<Glyph ID="char_207" 
								       CONTENT="y"
								       HPOS="3637"
								       VPOS="1156"
								       WIDTH="10"
								       HEIGHT="120"
								       GC="1.0">
								</Glyph>
							</String>
							<SP ID="segment_71"
							    HPOS="3691" 
							    VPOS="1156"
							    WIDTH="33" 
							    HEIGHT="120"/>
							<String ID="segment_72"
								CONTENT="sich" 
								HPOS="3756" 
								VPOS="1156"
								WIDTH="120" 
								HEIGHT="120" 
								WC="0.9993">
								<Glyph ID="char_210" 
								       CONTENT="s"
								       HPOS="3756"
								       VPOS="1156"
								       WIDTH="11"
								       HEIGHT="120"
								       GC="1.0">
								</Glyph>
								<Glyph ID="char_211" 
								       CONTENT="i"
								       HPOS="3789"
								       VPOS="1156"
								       WIDTH="11"
								       HEIGHT="120"
								       GC="1.0">
								</Glyph>
								<Glyph ID="char_212" 
								       CONTENT="c"
								       HPOS="3832"
								       VPOS="1156"
								       WIDTH="0"
								       HEIGHT="120"
								       GC="0.9974">
								</Glyph>
								<Glyph ID="char_213" 
								       CONTENT="h"
								       HPOS="3865"
								       VPOS="1156"
								       WIDTH="11"
								       HEIGHT="120"
								       GC="0.9998">
								</Glyph>
							</String>
							<SP ID="segment_73"
							    HPOS="3919" 
							    VPOS="1156"
							    WIDTH="22" 
							    HEIGHT="120"/>
							<String ID="segment_74"
								CONTENT="unser" 
								HPOS="3984" 
								VPOS="1156"
								WIDTH="196" 
								HEIGHT="120" 
								WC="0.972">
								<Glyph ID="char_215" 
								       CONTENT="u"
								       HPOS="3984"
								       VPOS="1156"
								       WIDTH="11"
								       HEIGHT="120"
								       GC="0.8656">
								</Glyph>
								<Glyph ID="char_216" 
								       CONTENT="n"
								       HPOS="4028"
								       VPOS="1156"
								       WIDTH="11"
								       HEIGHT="120"
								       GC="1.0">
								</Glyph>
								<Glyph ID="char_217" 
								       CONTENT="s"
								       HPOS="4082"
								       VPOS="1156"
								       WIDTH="11"
								       HEIGHT="120"
								       GC="1.0">
								</Glyph>
								<Glyph ID="char_218" 
								       CONTENT="e"
								       HPOS="4126"
								       VPOS="1156"
								       WIDTH="10"
								       HEIGHT="120"
								       GC="1.0">
								</Glyph>
								<Glyph ID="char_219" 
								       CONTENT="r"
								       HPOS="4169"
								       VPOS="1156"
								       WIDTH="11"
								       HEIGHT="120"
								       GC="0.9942">
								</Glyph>
							</String>
					</TextLine>
					<TextLine ID="line_9"
						  HPOS="1027"
						  VPOS="1268" 
						  WIDTH="3126" 
						  HEIGHT="123">
							<String ID="segment_75"
								CONTENT="zwytracht" 
								HPOS="1027" 
								VPOS="1268"
								WIDTH="375" 
								HEIGHT="123" 
								WC="0.9848">
								<Glyph ID="char_220" 
								       CONTENT="z"
								       HPOS="1027"
								       VPOS="1268"
								       WIDTH="0"
								       HEIGHT="123"
								       GC="0.9501">
								</Glyph>
								<Glyph ID="char_221" 
								       CONTENT="w"
								       HPOS="1061"
								       VPOS="1268"
								       WIDTH="11"
								       HEIGHT="123"
								       GC="1.0">
								</Glyph>
								<Glyph ID="char_222" 
								       CONTENT="y"
								       HPOS="1141"
								       VPOS="1268"
								       WIDTH="0"
								       HEIGHT="123"
								       GC="1.0">
								</Glyph>
								<Glyph ID="char_223" 
								       CONTENT="t"
								       HPOS="1186"
								       VPOS="1268"
								       WIDTH="11"
								       HEIGHT="123"
								       GC="1.0">
								</Glyph>
								<Glyph ID="char_224" 
								       CONTENT="r"
								       HPOS="1220"
								       VPOS="1268"
								       WIDTH="11"
								       HEIGHT="123"
								       GC="1.0">
								</Glyph>
								<Glyph ID="char_225" 
								       CONTENT="a"
								       HPOS="1254"
								       VPOS="1268"
								       WIDTH="12"
								       HEIGHT="123"
								       GC="0.999">
								</Glyph>
								<Glyph ID="char_226" 
								       CONTENT="c"
								       HPOS="1311"
								       VPOS="1268"
								       WIDTH="0"
								       HEIGHT="123"
								       GC="0.9996">
								</Glyph>
								<Glyph ID="char_227" 
								       CONTENT="h"
								       HPOS="1345"
								       VPOS="1268"
								       WIDTH="0"
								       HEIGHT="123"
								       GC="0.9142">
								</Glyph>
								<Glyph ID="char_228" 
								       CONTENT="t"
								       HPOS="1391"
								       VPOS="1268"
								       WIDTH="11"
								       HEIGHT="123"
								       GC="1.0">
								</Glyph>
							</String>
							<SP ID="segment_76"
							    HPOS="1425" 
							    VPOS="1268"
							    WIDTH="11" 
							    HEIGHT="123"/>
							<String ID="segment_77"
								CONTENT="nt" 
								HPOS="1470" 
								VPOS="1268"
								WIDTH="103" 
								HEIGHT="123" 
								WC="1.0">
								<Glyph ID="char_230" 
								       CONTENT="n"
								       HPOS="1470"
								       VPOS="1268"
								       WIDTH="12"
								       HEIGHT="123"
								       GC="1.0">
								</Glyph>
								<Glyph ID="char_231" 
								       CONTENT="t"
								       HPOS="1573"
								       VPOS="1268"
								       WIDTH="0"
								       HEIGHT="123"
								       GC="1.0">
								</Glyph>
							</String>
							<SP ID="segment_78"
							    HPOS="1595" 
							    VPOS="1268"
							    WIDTH="23" 
							    HEIGHT="123"/>
							<String ID="segment_79"
								CONTENT="drffind" 
								HPOS="1663" 
								VPOS="1268"
								WIDTH="296" 
								HEIGHT="123" 
								WC="0.9982">
								<Glyph ID="char_233" 
								       CONTENT="d"
								       HPOS="1663"
								       VPOS="1268"
								       WIDTH="12"
								       HEIGHT="123"
								       GC="1.0">
								</Glyph>
								<Glyph ID="char_234" 
								       CONTENT="r"
								       HPOS="1754"
								       VPOS="1268"
								       WIDTH="0"
								       HEIGHT="123"
								       GC="0.9895">
								</Glyph>
								<Glyph ID="char_235" 
								       CONTENT="f"
								       HPOS="1789"
								       VPOS="1268"
								       WIDTH="0"
								       HEIGHT="123"
								       GC="1.0">
								</Glyph>
								<Glyph ID="char_236" 
								       CONTENT="f"
								       HPOS="1823"
								       VPOS="1268"
								       WIDTH="11"
								       HEIGHT="123"
								       GC="0.9983">
								</Glyph>
								<Glyph ID="char_237" 
								       CONTENT="i"
								       HPOS="1845"
								       VPOS="1268"
								       WIDTH="12"
								       HEIGHT="123"
								       GC="1.0">
								</Glyph>
								<Glyph ID="char_238" 
								       CONTENT="n"
								       HPOS="1879"
								       VPOS="1268"
								       WIDTH="12"
								       HEIGHT="123"
								       GC="1.0">
								</Glyph>
								<Glyph ID="char_239" 
								       CONTENT="d"
								       HPOS="1948"
								       VPOS="1268"
								       WIDTH="11"
								       HEIGHT="123"
								       GC="1.0">
								</Glyph>
							</String>
							<SP ID="segment_80"
							    HPOS="1982" 
							    VPOS="1268"
							    WIDTH="22" 
							    HEIGHT="123"/>
							<String ID="segment_81"
								CONTENT="weder" 
								HPOS="2027" 
								VPOS="1268"
								WIDTH="228" 
								HEIGHT="123" 
								WC="1.0">
								<Glyph ID="char_241" 
								       CONTENT="w"
								       HPOS="2027"
								       VPOS="1268"
								       WIDTH="0"
								       HEIGHT="123"
								       GC="1.0">
								</Glyph>
								<Glyph ID="char_242" 
								       CONTENT="e"
								       HPOS="2107"
								       VPOS="1268"
								       WIDTH="11"
								       HEIGHT="123"
								       GC="1.0">
								</Glyph>
								<Glyph ID="char_243" 
								       CONTENT="d"
								       HPOS="2164"
								       VPOS="1268"
								       WIDTH="11"
								       HEIGHT="123"
								       GC="1.0">
								</Glyph>
								<Glyph ID="char_244" 
								       CONTENT="e"
								       HPOS="2209"
								       VPOS="1268"
								       WIDTH="0"
								       HEIGHT="123"
								       GC="0.9999">
								</Glyph>
								<Glyph ID="char_245" 
								       CONTENT="r"
								       HPOS="2243"
								       VPOS="1268"
								       WIDTH="12"
								       HEIGHT="123"
								       GC="1.0">
								</Glyph>
							</String>
							<SP ID="segment_82"
							    HPOS="2277" 
							    VPOS="1268"
							    WIDTH="12" 
							    HEIGHT="123"/>
							<String ID="segment_83"
								CONTENT="zf" 
								HPOS="2323" 
								VPOS="1268"
								WIDTH="45" 
								HEIGHT="123" 
								WC="0.9096">
								<Glyph ID="char_247" 
								       CONTENT="z"
								       HPOS="2323"
								       VPOS="1268"
								       WIDTH="11"
								       HEIGHT="123"
								       GC="0.8191">
								</Glyph>
								<Glyph ID="char_248" 
								       CONTENT="f"
								       HPOS="2368"
								       VPOS="1268"
								       WIDTH="0"
								       HEIGHT="123"
								       GC="1.0">
								</Glyph>
							</String>
							<SP ID="segment_84"
							    HPOS="2414" 
							    VPOS="1268"
							    WIDTH="11" 
							    HEIGHT="123"/>
							<String ID="segment_85"
								CONTENT="trosten" 
								HPOS="2459" 
								VPOS="1268"
								WIDTH="239" 
								HEIGHT="123" 
								WC="0.9996">
								<Glyph ID="char_250" 
								       CONTENT="t"
								       HPOS="2459"
								       VPOS="1268"
								       WIDTH="0"
								       HEIGHT="123"
								       GC="0.9995">
								</Glyph>
								<Glyph ID="char_251" 
								       CONTENT="r"
								       HPOS="2493"
								       VPOS="1268"
								       WIDTH="0"
								       HEIGHT="123"
								       GC="1.0">
								</Glyph>
								<Glyph ID="char_252" 
								       CONTENT="o"
								       HPOS="2539"
								       VPOS="1268"
								       WIDTH="0"
								       HEIGHT="123"
								       GC="1.0">
								</Glyph>
								<Glyph ID="char_253" 
								       CONTENT="s"
								       HPOS="2584"
								       VPOS="1268"
								       WIDTH="0"
								       HEIGHT="123"
								       GC="0.9976">
								</Glyph>
								<Glyph ID="char_254" 
								       CONTENT="t"
								       HPOS="2618"
								       VPOS="1268"
								       WIDTH="0"
								       HEIGHT="123"
								       GC="1.0">
								</Glyph>
								<Glyph ID="char_255" 
								       CONTENT="e"
								       HPOS="2652"
								       VPOS="1268"
								       WIDTH="0"
								       HEIGHT="123"
								       GC="1.0">
								</Glyph>
								<Glyph ID="char_256" 
								       CONTENT="n"
								       HPOS="2687"
								       VPOS="1268"
								       WIDTH="11"
								       HEIGHT="123"
								       GC="1.0">
								</Glyph>
							</String>
							<SP ID="segment_86"
							    HPOS="2732" 
							    VPOS="1268"
							    WIDTH="23" 
							    HEIGHT="123"/>
							<String ID="segment_87"
								CONTENT="noch" 
								HPOS="2789" 
								VPOS="1268"
								WIDTH="148" 
								HEIGHT="123" 
								WC="0.9992">
								<Glyph ID="char_258" 
								       CONTENT="n"
								       HPOS="2789"
								       VPOS="1268"
								       WIDTH="0"
								       HEIGHT="123"
								       GC="1.0">
								</Glyph>
								<Glyph ID="char_259" 
								       CONTENT="o"
								       HPOS="2846"
								       VPOS="1268"
								       WIDTH="0"
								       HEIGHT="123"
								       GC="1.0">
								</Glyph>
								<Glyph ID="char_260" 
								       CONTENT="c"
								       HPOS="2891"
								       VPOS="1268"
								       WIDTH="12"
								       HEIGHT="123"
								       GC="1.0">
								</Glyph>
								<Glyph ID="char_261" 
								       CONTENT="h"
								       HPOS="2925"
								       VPOS="1268"
								       WIDTH="12"
								       HEIGHT="123"
								       GC="0.9967">
								</Glyph>
							</String>
							<SP ID="segment_88"
							    HPOS="2971" 
							    VPOS="1268"
							    WIDTH="23" 
							    HEIGHT="123"/>
							<String ID="segment_89"
								CONTENT="zi" 
								HPOS="3028" 
								VPOS="1268"
								WIDTH="56" 
								HEIGHT="123" 
								WC="0.9915">
								<Glyph ID="char_263" 
								       CONTENT="z"
								       HPOS="3028"
								       VPOS="1268"
								       WIDTH="11"
								       HEIGHT="123"
								       GC="0.9891">
								</Glyph>
								<Glyph ID="char_264" 
								       CONTENT="i"
								       HPOS="3084"
								       VPOS="1268"
								       WIDTH="0"
								       HEIGHT="123"
								       GC="0.9938">
								</Glyph>
							</String>
							<SP ID="segment_90"
							    HPOS="3119" 
							    VPOS="1268"
							    WIDTH="11" 
							    HEIGHT="123"/>
							<String ID="segment_91"
								CONTENT="frwen." 
								HPOS="3164" 
								VPOS="1268"
								WIDTH="296" 
								HEIGHT="123" 
								WC="0.9999">
								<Glyph ID="char_266" 
								       CONTENT="f"
								       HPOS="3164"
								       VPOS="1268"
								       WIDTH="11"
								       HEIGHT="123"
								       GC="1.0">
								</Glyph>
								<Glyph ID="char_267" 
								       CONTENT="r"
								       HPOS="3198"
								       VPOS="1268"
								       WIDTH="12"
								       HEIGHT="123"
								       GC="1.0">
								</Glyph>
								<Glyph ID="char_268" 
								       CONTENT="w"
								       HPOS="3278"
								       VPOS="1268"
								       WIDTH="11"
								       HEIGHT="123"
								       GC="0.9999">
								</Glyph>
								<Glyph ID="char_269" 
								       CONTENT="e"
								       HPOS="3369"
								       VPOS="1268"
								       WIDTH="11"
								       HEIGHT="123"
								       GC="0.9997">
								</Glyph>
								<Glyph ID="char_270" 
								       CONTENT="n"
								       HPOS="3403"
								       VPOS="1268"
								       WIDTH="11"
								       HEIGHT="123"
								       GC="1.0">
								</Glyph>
								<Glyph ID="char_271" 
								       CONTENT="."
								       HPOS="3448"
								       VPOS="1268"
								       WIDTH="12"
								       HEIGHT="123"
								       GC="0.9997">
								</Glyph>
							</String>
							<SP ID="segment_92"
							    HPOS="3471" 
							    VPOS="1268"
							    WIDTH="23" 
							    HEIGHT="123"/>
							<String ID="segment_93"
								CONTENT="Ist" 
								HPOS="3528" 
								VPOS="1268"
								WIDTH="79" 
								HEIGHT="123" 
								WC="0.9985">
								<Glyph ID="char_273" 
								       CONTENT="I"
								       HPOS="3528"
								       VPOS="1268"
								       WIDTH="0"
								       HEIGHT="123"
								       GC="0.9955">
								</Glyph>
								<Glyph ID="char_274" 
								       CONTENT="s"
								       HPOS="3562"
								       VPOS="1268"
								       WIDTH="11"
								       HEIGHT="123"
								       GC="0.9999">
								</Glyph>
								<Glyph ID="char_275" 
								       CONTENT="t"
								       HPOS="3596"
								       VPOS="1268"
								       WIDTH="11"
								       HEIGHT="123"
								       GC="1.0">
								</Glyph>
							</String>
							<SP ID="segment_94"
							    HPOS="3630" 
							    VPOS="1268"
							    WIDTH="11" 
							    HEIGHT="123"/>
							<String ID="segment_95"
								CONTENT="ouch" 
								HPOS="3687" 
								VPOS="1268"
								WIDTH="136" 
								HEIGHT="123" 
								WC="0.9857">
								<Glyph ID="char_277" 
								       CONTENT="o"
								       HPOS="3687"
								       VPOS="1268"
								       WIDTH="0"
								       HEIGHT="123"
								       GC="0.9993">
								</Glyph>
								<Glyph ID="char_278" 
								       CONTENT="u"
								       HPOS="3721"
								       VPOS="1268"
								       WIDTH="11"
								       HEIGHT="123"
								       GC="1.0">
								</Glyph>
								<Glyph ID="char_279" 
								       CONTENT="c"
								       HPOS="3789"
								       VPOS="1268"
								       WIDTH="0"
								       HEIGHT="123"
								       GC="0.9436">
								</Glyph>
								<Glyph ID="char_280" 
								       CONTENT="h"
								       HPOS="3823"
								       VPOS="1268"
								       WIDTH="0"
								       HEIGHT="123"
								       GC="1.0">
								</Glyph>
							</String>
							<SP ID="segment_96"
							    HPOS="3869" 
							    VPOS="1268"
							    WIDTH="23" 
							    HEIGHT="123"/>
							<String ID="segment_97"
								CONTENT="darvon" 
								HPOS="3937" 
								VPOS="1268"
								WIDTH="216" 
								HEIGHT="123" 
								WC="0.9828">
								<Glyph ID="char_282" 
								       CONTENT="d"
								       HPOS="3937"
								       VPOS="1268"
								       WIDTH="0"
								       HEIGHT="123"
								       GC="0.9973">
								</Glyph>
								<Glyph ID="char_283" 
								       CONTENT="a"
								       HPOS="3971"
								       VPOS="1268"
								       WIDTH="0"
								       HEIGHT="123"
								       GC="1.0">
								</Glyph>
								<Glyph ID="char_284" 
								       CONTENT="r"
								       HPOS="4017"
								       VPOS="1268"
								       WIDTH="0"
								       HEIGHT="123"
								       GC="0.8993">
								</Glyph>
								<Glyph ID="char_285" 
								       CONTENT="v"
								       HPOS="4039"
								       VPOS="1268"
								       WIDTH="12"
								       HEIGHT="123"
								       GC="1.0">
								</Glyph>
								<Glyph ID="char_286" 
								       CONTENT="o"
								       HPOS="4108"
								       VPOS="1268"
								       WIDTH="0"
								       HEIGHT="123"
								       GC="1.0">
								</Glyph>
								<Glyph ID="char_287" 
								       CONTENT="n"
								       HPOS="4153"
								       VPOS="1268"
								       WIDTH="0"
								       HEIGHT="123"
								       GC="1.0">
								</Glyph>
							</String>
					</TextLine>
					<TextLine ID="line_10"
						  HPOS="1026"
						  VPOS="1381" 
						  WIDTH="3132" 
						  HEIGHT="118">
							<String ID="segment_98"
								CONTENT="geredt," 
								HPOS="1026" 
								VPOS="1381"
								WIDTH="249" 
								HEIGHT="118" 
								WC="0.9999">
								<Glyph ID="char_288" 
								       CONTENT="g"
								       HPOS="1026"
								       VPOS="1381"
								       WIDTH="11"
								       HEIGHT="118"
								       GC="1.0">
								</Glyph>
								<Glyph ID="char_289" 
								       CONTENT="e"
								       HPOS="1080"
								       VPOS="1381"
								       WIDTH="0"
								       HEIGHT="118"
								       GC="1.0">
								</Glyph>
								<Glyph ID="char_290" 
								       CONTENT="r"
								       HPOS="1112"
								       VPOS="1381"
								       WIDTH="11"
								       HEIGHT="118"
								       GC="1.0">
								</Glyph>
								<Glyph ID="char_291" 
								       CONTENT="e"
								       HPOS="1156"
								       VPOS="1381"
								       WIDTH="11"
								       HEIGHT="118"
								       GC="1.0">
								</Glyph>
								<Glyph ID="char_292" 
								       CONTENT="d"
								       HPOS="1210"
								       VPOS="1381"
								       WIDTH="11"
								       HEIGHT="118"
								       GC="1.0">
								</Glyph>
								<Glyph ID="char_293" 
								       CONTENT="t"
								       HPOS="1242"
								       VPOS="1381"
								       WIDTH="11"
								       HEIGHT="118"
								       GC="0.9998">
								</Glyph>
								<Glyph ID="char_294" 
								       CONTENT=","
								       HPOS="1275"
								       VPOS="1381"
								       WIDTH="0"
								       HEIGHT="118"
								       GC="0.9995">
								</Glyph>
							</String>
							<SP ID="segment_99"
							    HPOS="1286" 
							    VPOS="1381"
							    WIDTH="32" 
							    HEIGHT="118"/>
							<String ID="segment_100"
								CONTENT="das" 
								HPOS="1362" 
								VPOS="1381"
								WIDTH="86" 
								HEIGHT="118" 
								WC="1.0">
								<Glyph ID="char_296" 
								       CONTENT="d"
								       HPOS="1362"
								       VPOS="1381"
								       WIDTH="0"
								       HEIGHT="118"
								       GC="1.0">
								</Glyph>
								<Glyph ID="char_297" 
								       CONTENT="a"
								       HPOS="1394"
								       VPOS="1381"
								       WIDTH="11"
								       HEIGHT="118"
								       GC="1.0">
								</Glyph>
								<Glyph ID="char_298" 
								       CONTENT="s"
								       HPOS="1448"
								       VPOS="1381"
								       WIDTH="0"
								       HEIGHT="118"
								       GC="1.0">
								</Glyph>
							</String>
							<SP ID="segment_101"
							    HPOS="1470" 
							    VPOS="1381"
							    WIDTH="11" 
							    HEIGHT="118"/>
							<String ID="segment_102"
								CONTENT="man" 
								HPOS="1524" 
								VPOS="1381"
								WIDTH="130" 
								HEIGHT="118" 
								WC="0.9432">
								<Glyph ID="char_300" 
								       CONTENT="m"
								       HPOS="1524"
								       VPOS="1381"
								       WIDTH="0"
								       HEIGHT="118"
								       GC="0.8295">
								</Glyph>
								<Glyph ID="char_301" 
								       CONTENT="a"
								       HPOS="1600"
								       VPOS="1381"
								       WIDTH="11"
								       HEIGHT="118"
								       GC="1.0">
								</Glyph>
								<Glyph ID="char_302" 
								       CONTENT="n"
								       HPOS="1643"
								       VPOS="1381"
								       WIDTH="11"
								       HEIGHT="118"
								       GC="1.0">
								</Glyph>
							</String>
							<SP ID="segment_103"
							    HPOS="1687" 
							    VPOS="1381"
							    WIDTH="21" 
							    HEIGHT="118"/>
							<String ID="segment_104"
								CONTENT="yedes" 
								HPOS="1730" 
								VPOS="1381"
								WIDTH="217" 
								HEIGHT="118" 
								WC="1.0">
								<Glyph ID="char_304" 
								       CONTENT="y"
								       HPOS="1730"
								       VPOS="1381"
								       WIDTH="11"
								       HEIGHT="118"
								       GC="1.0">
								</Glyph>
								<Glyph ID="char_305" 
								       CONTENT="e"
								       HPOS="1795"
								       VPOS="1381"
								       WIDTH="11"
								       HEIGHT="118"
								       GC="1.0">
								</Glyph>
								<Glyph ID="char_306" 
								       CONTENT="d"
								       HPOS="1849"
								       VPOS="1381"
								       WIDTH="11"
								       HEIGHT="118"
								       GC="1.0">
								</Glyph>
								<Glyph ID="char_307" 
								       CONTENT="e"
								       HPOS="1893"
								       VPOS="1381"
								       WIDTH="10"
								       HEIGHT="118"
								       GC="1.0">
								</Glyph>
								<Glyph ID="char_308" 
								       CONTENT="s"
								       HPOS="1936"
								       VPOS="1381"
								       WIDTH="11"
								       HEIGHT="118"
								       GC="1.0">
								</Glyph>
							</String>
							<SP ID="segment_105"
							    HPOS="1969" 
							    VPOS="1381"
							    WIDTH="21" 
							    HEIGHT="118"/>
							<String ID="segment_106"
								CONTENT="ort" 
								HPOS="2023" 
								VPOS="1381"
								WIDTH="76" 
								HEIGHT="118" 
								WC="1.0">
								<Glyph ID="char_310" 
								       CONTENT="o"
								       HPOS="2023"
								       VPOS="1381"
								       WIDTH="0"
								       HEIGHT="118"
								       GC="1.0">
								</Glyph>
								<Glyph ID="char_311" 
								       CONTENT="r"
								       HPOS="2066"
								       VPOS="1381"
								       WIDTH="11"
								       HEIGHT="118"
								       GC="1.0">
								</Glyph>
								<Glyph ID="char_312" 
								       CONTENT="t"
								       HPOS="2099"
								       VPOS="1381"
								       WIDTH="0"
								       HEIGHT="118"
								       GC="1.0">
								</Glyph>
							</String>
							<SP ID="segment_107"
							    HPOS="2120" 
							    VPOS="1381"
							    WIDTH="11" 
							    HEIGHT="118"/>
							<String ID="segment_108"
								CONTENT="nach" 
								HPOS="2174" 
								VPOS="1381"
								WIDTH="141" 
								HEIGHT="118" 
								WC="1.0">
								<Glyph ID="char_314" 
								       CONTENT="n"
								       HPOS="2174"
								       VPOS="1381"
								       WIDTH="0"
								       HEIGHT="118"
								       GC="1.0">
								</Glyph>
								<Glyph ID="char_315" 
								       CONTENT="a"
								       HPOS="2218"
								       VPOS="1381"
								       WIDTH="11"
								       HEIGHT="118"
								       GC="1.0">
								</Glyph>
								<Glyph ID="char_316" 
								       CONTENT="c"
								       HPOS="2272"
								       VPOS="1381"
								       WIDTH="0"
								       HEIGHT="118"
								       GC="1.0">
								</Glyph>
								<Glyph ID="char_317" 
								       CONTENT="h"
								       HPOS="2304"
								       VPOS="1381"
								       WIDTH="11"
								       HEIGHT="118"
								       GC="1.0">
								</Glyph>
							</String>
							<SP ID="segment_109"
							    HPOS="2359" 
							    VPOS="1381"
							    WIDTH="10" 
							    HEIGHT="118"/>
							<String ID="segment_110"
								CONTENT="sinem" 
								HPOS="2402" 
								VPOS="1381"
								WIDTH="173" 
								HEIGHT="118" 
								WC="1.0">
								<Glyph ID="char_319" 
								       CONTENT="s"
								       HPOS="2402"
								       VPOS="1381"
								       WIDTH="11"
								       HEIGHT="118"
								       GC="1.0">
								</Glyph>
								<Glyph ID="char_320" 
								       CONTENT="i"
								       HPOS="2435"
								       VPOS="1381"
								       WIDTH="10"
								       HEIGHT="118"
								       GC="1.0">
								</Glyph>
								<Glyph ID="char_321" 
								       CONTENT="n"
								       HPOS="2467"
								       VPOS="1381"
								       WIDTH="11"
								       HEIGHT="118"
								       GC="1.0">
								</Glyph>
								<Glyph ID="char_322" 
								       CONTENT="e"
								       HPOS="2532"
								       VPOS="1381"
								       WIDTH="0"
								       HEIGHT="118"
								       GC="1.0">
								</Glyph>
								<Glyph ID="char_323" 
								       CONTENT="m"
								       HPOS="2565"
								       VPOS="1381"
								       WIDTH="10"
								       HEIGHT="118"
								       GC="1.0">
								</Glyph>
							</String>
							<SP ID="segment_111"
							    HPOS="2640" 
							    VPOS="1381"
							    WIDTH="11" 
							    HEIGHT="118"/>
							<String ID="segment_112"
								CONTENT="glouben" 
								HPOS="2695" 
								VPOS="1381"
								WIDTH="281" 
								HEIGHT="118" 
								WC="0.9866">
								<Glyph ID="char_325" 
								       CONTENT="g"
								       HPOS="2695"
								       VPOS="1381"
								       WIDTH="10"
								       HEIGHT="118"
								       GC="1.0">
								</Glyph>
								<Glyph ID="char_326" 
								       CONTENT="l"
								       HPOS="2738"
								       VPOS="1381"
								       WIDTH="0"
								       HEIGHT="118"
								       GC="1.0">
								</Glyph>
								<Glyph ID="char_327" 
								       CONTENT="o"
								       HPOS="2781"
								       VPOS="1381"
								       WIDTH="0"
								       HEIGHT="118"
								       GC="1.0">
								</Glyph>
								<Glyph ID="char_328" 
								       CONTENT="u"
								       HPOS="2814"
								       VPOS="1381"
								       WIDTH="11"
								       HEIGHT="118"
								       GC="1.0">
								</Glyph>
								<Glyph ID="char_329" 
								       CONTENT="b"
								       HPOS="2868"
								       VPOS="1381"
								       WIDTH="0"
								       HEIGHT="118"
								       GC="0.9997">
								</Glyph>
								<Glyph ID="char_330" 
								       CONTENT="e"
								       HPOS="2933"
								       VPOS="1381"
								       WIDTH="0"
								       HEIGHT="118"
								       GC="0.9063">
								</Glyph>
								<Glyph ID="char_331" 
								       CONTENT="n"
								       HPOS="2966"
								       VPOS="1381"
								       WIDTH="10"
								       HEIGHT="118"
								       GC="1.0">
								</Glyph>
							</String>
							<SP ID="segment_113"
							    HPOS="3009" 
							    VPOS="1381"
							    WIDTH="22" 
							    HEIGHT="118"/>
							<String ID="segment_114"
								CONTENT="schweren" 
								HPOS="3063" 
								VPOS="1381"
								WIDTH="336" 
								HEIGHT="118" 
								WC="0.9996">
								<Glyph ID="char_333" 
								       CONTENT="s"
								       HPOS="3063"
								       VPOS="1381"
								       WIDTH="0"
								       HEIGHT="118"
								       GC="1.0">
								</Glyph>
								<Glyph ID="char_334" 
								       CONTENT="c"
								       HPOS="3106"
								       VPOS="1381"
								       WIDTH="0"
								       HEIGHT="118"
								       GC="1.0">
								</Glyph>
								<Glyph ID="char_335" 
								       CONTENT="h"
								       HPOS="3139"
								       VPOS="1381"
								       WIDTH="0"
								       HEIGHT="118"
								       GC="1.0">
								</Glyph>
								<Glyph ID="char_336" 
								       CONTENT="w"
								       HPOS="3193"
								       VPOS="1381"
								       WIDTH="0"
								       HEIGHT="118"
								       GC="0.9971">
								</Glyph>
								<Glyph ID="char_337" 
								       CONTENT="e"
								       HPOS="3280"
								       VPOS="1381"
								       WIDTH="0"
								       HEIGHT="118"
								       GC="0.9998">
								</Glyph>
								<Glyph ID="char_338" 
								       CONTENT="r"
								       HPOS="3312"
								       VPOS="1381"
								       WIDTH="11"
								       HEIGHT="118"
								       GC="1.0">
								</Glyph>
								<Glyph ID="char_339" 
								       CONTENT="e"
								       HPOS="3356"
								       VPOS="1381"
								       WIDTH="11"
								       HEIGHT="118"
								       GC="1.0">
								</Glyph>
								<Glyph ID="char_340" 
								       CONTENT="n"
								       HPOS="3399"
								       VPOS="1381"
								       WIDTH="0"
								       HEIGHT="118"
								       GC="1.0">
								</Glyph>
							</String>
							<SP ID="segment_115"
							    HPOS="3442" 
							    VPOS="1381"
							    WIDTH="22" 
							    HEIGHT="118"/>
							<String ID="segment_116"
								CONTENT="lasse," 
								HPOS="3486" 
								VPOS="1381"
								WIDTH="195" 
								HEIGHT="118" 
								WC="1.0">
								<Glyph ID="char_342" 
								       CONTENT="l"
								       HPOS="3486"
								       VPOS="1381"
								       WIDTH="0"
								       HEIGHT="118"
								       GC="1.0">
								</Glyph>
								<Glyph ID="char_343" 
								       CONTENT="a"
								       HPOS="3518"
								       VPOS="1381"
								       WIDTH="0"
								       HEIGHT="118"
								       GC="1.0">
								</Glyph>
								<Glyph ID="char_344" 
								       CONTENT="s"
								       HPOS="3562"
								       VPOS="1381"
								       WIDTH="10"
								       HEIGHT="118"
								       GC="1.0">
								</Glyph>
								<Glyph ID="char_345" 
								       CONTENT="s"
								       HPOS="3605"
								       VPOS="1381"
								       WIDTH="0"
								       HEIGHT="118"
								       GC="1.0">
								</Glyph>
								<Glyph ID="char_346" 
								       CONTENT="e"
								       HPOS="3648"
								       VPOS="1381"
								       WIDTH="11"
								       HEIGHT="118"
								       GC="1.0">
								</Glyph>
								<Glyph ID="char_347" 
								       CONTENT=","
								       HPOS="3681"
								       VPOS="1381"
								       WIDTH="0"
								       HEIGHT="118"
								       GC="1.0">
								</Glyph>
							</String>
							<SP ID="segment_117"
							    HPOS="3702" 
							    VPOS="1381"
							    WIDTH="22" 
							    HEIGHT="118"/>
							<String ID="segment_118"
								CONTENT="und" 
								HPOS="3757" 
								VPOS="1381"
								WIDTH="130" 
								HEIGHT="118" 
								WC="0.9962">
								<Glyph ID="char_349" 
								       CONTENT="u"
								       HPOS="3757"
								       VPOS="1381"
								       WIDTH="11"
								       HEIGHT="118"
								       GC="1.0">
								</Glyph>
								<Glyph ID="char_350" 
								       CONTENT="n"
								       HPOS="3811"
								       VPOS="1381"
								       WIDTH="0"
								       HEIGHT="118"
								       GC="0.9887">
								</Glyph>
								<Glyph ID="char_351" 
								       CONTENT="d"
								       HPOS="3876"
								       VPOS="1381"
								       WIDTH="11"
								       HEIGHT="118"
								       GC="0.9999">
								</Glyph>
							</String>
							<SP ID="segment_119"
							    HPOS="3898" 
							    VPOS="1381"
							    WIDTH="21" 
							    HEIGHT="118"/>
							<String ID="segment_120"
								CONTENT="in" 
								HPOS="3941" 
								VPOS="1381"
								WIDTH="43" 
								HEIGHT="118" 
								WC="1.0">
								<Glyph ID="char_353" 
								       CONTENT="i"
								       HPOS="3941"
								       VPOS="1381"
								       WIDTH="11"
								       HEIGHT="118"
								       GC="1.0">
								</Glyph>
								<Glyph ID="char_354" 
								       CONTENT="n"
								       HPOS="3973"
								       VPOS="1381"
								       WIDTH="11"
								       HEIGHT="118"
								       GC="1.0">
								</Glyph>
							</String>
							<SP ID="segment_121"
							    HPOS="4017" 
							    VPOS="1381"
							    WIDTH="21" 
							    HEIGHT="118"/>
							<String ID="segment_122"
								CONTENT="die" 
								HPOS="4082" 
								VPOS="1381"
								WIDTH="76" 
								HEIGHT="118" 
								WC="0.9975">
								<Glyph ID="char_356" 
								       CONTENT="d"
								       HPOS="4082"
								       VPOS="1381"
								       WIDTH="11"
								       HEIGHT="118"
								       GC="1.0">
								</Glyph>
								<Glyph ID="char_357" 
								       CONTENT="i"
								       HPOS="4114"
								       VPOS="1381"
								       WIDTH="0"
								       HEIGHT="118"
								       GC="0.9925">
								</Glyph>
								<Glyph ID="char_358" 
								       CONTENT="e"
								       HPOS="4158"
								       VPOS="1381"
								       WIDTH="0"
								       HEIGHT="118"
								       GC="1.0">
								</Glyph>
							</String>
					</TextLine>
					<TextLine ID="line_11"
						  HPOS="1018"
						  VPOS="1492" 
						  WIDTH="3151" 
						  HEIGHT="123">
							<String ID="segment_123"
								CONTENT="abscheid" 
								HPOS="1018" 
								VPOS="1492"
								WIDTH="337" 
								HEIGHT="123" 
								WC="0.9997">
								<Glyph ID="char_359" 
								       CONTENT="a"
								       HPOS="1018"
								       VPOS="1492"
								       WIDTH="11"
								       HEIGHT="123"
								       GC="1.0">
								</Glyph>
								<Glyph ID="char_360" 
								       CONTENT="b"
								       HPOS="1061"
								       VPOS="1492"
								       WIDTH="0"
								       HEIGHT="123"
								       GC="1.0">
								</Glyph>
								<Glyph ID="char_361" 
								       CONTENT="s"
								       HPOS="1116"
								       VPOS="1492"
								       WIDTH="10"
								       HEIGHT="123"
								       GC="1.0">
								</Glyph>
								<Glyph ID="char_362" 
								       CONTENT="c"
								       HPOS="1170"
								       VPOS="1492"
								       WIDTH="0"
								       HEIGHT="123"
								       GC="1.0">
								</Glyph>
								<Glyph ID="char_363" 
								       CONTENT="h"
								       HPOS="1203"
								       VPOS="1492"
								       WIDTH="0"
								       HEIGHT="123"
								       GC="0.9993">
								</Glyph>
								<Glyph ID="char_364" 
								       CONTENT="e"
								       HPOS="1268"
								       VPOS="1492"
								       WIDTH="0"
								       HEIGHT="123"
								       GC="1.0">
								</Glyph>
								<Glyph ID="char_365" 
								       CONTENT="i"
								       HPOS="1300"
								       VPOS="1492"
								       WIDTH="0"
								       HEIGHT="123"
								       GC="0.9985">
								</Glyph>
								<Glyph ID="char_366" 
								       CONTENT="d"
								       HPOS="1344"
								       VPOS="1492"
								       WIDTH="11"
								       HEIGHT="123"
								       GC="1.0">
								</Glyph>
							</String>
							<SP ID="segment_124"
							    HPOS="1366" 
							    VPOS="1492"
							    WIDTH="21" 
							    HEIGHT="123"/>
							<String ID="segment_125"
								CONTENT="genommen," 
								HPOS="1431" 
								VPOS="1492"
								WIDTH="445" 
								HEIGHT="123" 
								WC="0.9989">
								<Glyph ID="char_368" 
								       CONTENT="g"
								       HPOS="1431"
								       VPOS="1492"
								       WIDTH="11"
								       HEIGHT="123"
								       GC="1.0">
								</Glyph>
								<Glyph ID="char_369" 
								       CONTENT="e"
								       HPOS="1485"
								       VPOS="1492"
								       WIDTH="0"
								       HEIGHT="123"
								       GC="1.0">
								</Glyph>
								<Glyph ID="char_370" 
								       CONTENT="n"
								       HPOS="1518"
								       VPOS="1492"
								       WIDTH="11"
								       HEIGHT="123"
								       GC="1.0">
								</Glyph>
								<Glyph ID="char_371" 
								       CONTENT="o"
								       HPOS="1583"
								       VPOS="1492"
								       WIDTH="0"
								       HEIGHT="123"
								       GC="0.9904">
								</Glyph>
								<Glyph ID="char_372" 
								       CONTENT="m"
								       HPOS="1626"
								       VPOS="1492"
								       WIDTH="0"
								       HEIGHT="123"
								       GC="1.0">
								</Glyph>
								<Glyph ID="char_373" 
								       CONTENT="m"
								       HPOS="1702"
								       VPOS="1492"
								       WIDTH="11"
								       HEIGHT="123"
								       GC="1.0">
								</Glyph>
								<Glyph ID="char_374" 
								       CONTENT="e"
								       HPOS="1789"
								       VPOS="1492"
								       WIDTH="11"
								       HEIGHT="123"
								       GC="1.0">
								</Glyph>
								<Glyph ID="char_375" 
								       CONTENT="n"
								       HPOS="1833"
								       VPOS="1492"
								       WIDTH="0"
								       HEIGHT="123"
								       GC="1.0">
								</Glyph>
								<Glyph ID="char_376" 
								       CONTENT=","
								       HPOS="1876"
								       VPOS="1492"
								       WIDTH="0"
								       HEIGHT="123"
								       GC="1.0">
								</Glyph>
							</String>
							<SP ID="segment_126"
							    HPOS="1898" 
							    VPOS="1492"
							    WIDTH="22" 
							    HEIGHT="123"/>
							<String ID="segment_127"
								CONTENT="doch" 
								HPOS="1963" 
								VPOS="1492"
								WIDTH="131" 
								HEIGHT="123" 
								WC="0.9975">
								<Glyph ID="char_378" 
								       CONTENT="d"
								       HPOS="1963"
								       VPOS="1492"
								       WIDTH="11"
								       HEIGHT="123"
								       GC="1.0">
								</Glyph>
								<Glyph ID="char_379" 
								       CONTENT="o"
								       HPOS="2007"
								       VPOS="1492"
								       WIDTH="0"
								       HEIGHT="123"
								       GC="0.9901">
								</Glyph>
								<Glyph ID="char_380" 
								       CONTENT="c"
								       HPOS="2061"
								       VPOS="1492"
								       WIDTH="0"
								       HEIGHT="123"
								       GC="1.0">
								</Glyph>
								<Glyph ID="char_381" 
								       CONTENT="h"
								       HPOS="2094"
								       VPOS="1492"
								       WIDTH="0"
								       HEIGHT="123"
								       GC="1.0">
								</Glyph>
							</String>
							<SP ID="segment_128"
							    HPOS="2137" 
							    VPOS="1492"
							    WIDTH="22" 
							    HEIGHT="123"/>
							<String ID="segment_129"
								CONTENT="kein" 
								HPOS="2180" 
								VPOS="1492"
								WIDTH="142" 
								HEIGHT="123" 
								WC="0.9953">
								<Glyph ID="char_383" 
								       CONTENT="k"
								       HPOS="2180"
								       VPOS="1492"
								       WIDTH="0"
								       HEIGHT="123"
								       GC="1.0">
								</Glyph>
								<Glyph ID="char_384" 
								       CONTENT="e"
								       HPOS="2246"
								       VPOS="1492"
								       WIDTH="0"
								       HEIGHT="123"
								       GC="1.0">
								</Glyph>
								<Glyph ID="char_385" 
								       CONTENT="i"
								       HPOS="2278"
								       VPOS="1492"
								       WIDTH="0"
								       HEIGHT="123"
								       GC="0.9812">
								</Glyph>
								<Glyph ID="char_386" 
								       CONTENT="n"
								       HPOS="2311"
								       VPOS="1492"
								       WIDTH="11"
								       HEIGHT="123"
								       GC="1.0">
								</Glyph>
							</String>
							<SP ID="segment_130"
							    HPOS="2354" 
							    VPOS="1492"
							    WIDTH="22" 
							    HEIGHT="123"/>
							<String ID="segment_131"
								CONTENT="andern" 
								HPOS="2398" 
								VPOS="1492"
								WIDTH="239" 
								HEIGHT="123" 
								WC="1.0">
								<Glyph ID="char_388" 
								       CONTENT="a"
								       HPOS="2398"
								       VPOS="1492"
								       WIDTH="11"
								       HEIGHT="123"
								       GC="1.0">
								</Glyph>
								<Glyph ID="char_389" 
								       CONTENT="n"
								       HPOS="2452"
								       VPOS="1492"
								       WIDTH="0"
								       HEIGHT="123"
								       GC="1.0">
								</Glyph>
								<Glyph ID="char_390" 
								       CONTENT="d"
								       HPOS="2517"
								       VPOS="1492"
								       WIDTH="11"
								       HEIGHT="123"
								       GC="1.0">
								</Glyph>
								<Glyph ID="char_391" 
								       CONTENT="e"
								       HPOS="2561"
								       VPOS="1492"
								       WIDTH="0"
								       HEIGHT="123"
								       GC="1.0">
								</Glyph>
								<Glyph ID="char_392" 
								       CONTENT="r"
								       HPOS="2593"
								       VPOS="1492"
								       WIDTH="11"
								       HEIGHT="123"
								       GC="1.0">
								</Glyph>
								<Glyph ID="char_393" 
								       CONTENT="n"
								       HPOS="2637"
								       VPOS="1492"
								       WIDTH="0"
								       HEIGHT="123"
								       GC="1.0">
								</Glyph>
							</String>
							<SP ID="segment_132"
							    HPOS="2669" 
							    VPOS="1492"
							    WIDTH="22" 
							    HEIGHT="123"/>
							<String ID="segment_133"
								CONTENT="tag" 
								HPOS="2713" 
								VPOS="1492"
								WIDTH="98" 
								HEIGHT="123" 
								WC="1.0">
								<Glyph ID="char_395" 
								       CONTENT="t"
								       HPOS="2713"
								       VPOS="1492"
								       WIDTH="11"
								       HEIGHT="123"
								       GC="1.0">
								</Glyph>
								<Glyph ID="char_396" 
								       CONTENT="a"
								       HPOS="2746"
								       VPOS="1492"
								       WIDTH="10"
								       HEIGHT="123"
								       GC="1.0">
								</Glyph>
								<Glyph ID="char_397" 
								       CONTENT="g"
								       HPOS="2800"
								       VPOS="1492"
								       WIDTH="11"
								       HEIGHT="123"
								       GC="1.0">
								</Glyph>
							</String>
							<SP ID="segment_134"
							    HPOS="2843" 
							    VPOS="1492"
							    WIDTH="11" 
							    HEIGHT="123"/>
							<String ID="segment_135"
								CONTENT="angesetzt," 
								HPOS="2887" 
								VPOS="1492"
								WIDTH="380" 
								HEIGHT="123" 
								WC="0.9884">
								<Glyph ID="char_399" 
								       CONTENT="a"
								       HPOS="2887"
								       VPOS="1492"
								       WIDTH="11"
								       HEIGHT="123"
								       GC="0.9956">
								</Glyph>
								<Glyph ID="char_400" 
								       CONTENT="n"
								       HPOS="2930"
								       VPOS="1492"
								       WIDTH="11"
								       HEIGHT="123"
								       GC="0.9984">
								</Glyph>
								<Glyph ID="char_401" 
								       CONTENT="g"
								       HPOS="2995"
								       VPOS="1492"
								       WIDTH="11"
								       HEIGHT="123"
								       GC="1.0">
								</Glyph>
								<Glyph ID="char_402" 
								       CONTENT="e"
								       HPOS="3039"
								       VPOS="1492"
								       WIDTH="11"
								       HEIGHT="123"
								       GC="1.0">
								</Glyph>
								<Glyph ID="char_403" 
								       CONTENT="s"
								       HPOS="3082"
								       VPOS="1492"
								       WIDTH="0"
								       HEIGHT="123"
								       GC="0.8897">
								</Glyph>
								<Glyph ID="char_404" 
								       CONTENT="e"
								       HPOS="3126"
								       VPOS="1492"
								       WIDTH="11"
								       HEIGHT="123"
								       GC="1.0">
								</Glyph>
								<Glyph ID="char_405" 
								       CONTENT="t"
								       HPOS="3158"
								       VPOS="1492"
								       WIDTH="11"
								       HEIGHT="123"
								       GC="1.0">
								</Glyph>
								<Glyph ID="char_406" 
								       CONTENT="z"
								       HPOS="3202"
								       VPOS="1492"
								       WIDTH="0"
								       HEIGHT="123"
								       GC="1.0">
								</Glyph>
								<Glyph ID="char_407" 
								       CONTENT="t"
								       HPOS="3234"
								       VPOS="1492"
								       WIDTH="11"
								       HEIGHT="123"
								       GC="1.0">
								</Glyph>
								<Glyph ID="char_408" 
								       CONTENT=","
								       HPOS="3256"
								       VPOS="1492"
								       WIDTH="11"
								       HEIGHT="123"
								       GC="1.0">
								</Glyph>
							</String>
							<SP ID="segment_136"
							    HPOS="3278" 
							    VPOS="1492"
							    WIDTH="33" 
							    HEIGHT="123"/>
							<String ID="segment_137"
								CONTENT="sunder," 
								HPOS="3332" 
								VPOS="1492"
								WIDTH="272" 
								HEIGHT="123" 
								WC="1.0">
								<Glyph ID="char_410" 
								       CONTENT="s"
								       HPOS="3332"
								       VPOS="1492"
								       WIDTH="11"
								       HEIGHT="123"
								       GC="1.0">
								</Glyph>
								<Glyph ID="char_411" 
								       CONTENT="u"
								       HPOS="3376"
								       VPOS="1492"
								       WIDTH="11"
								       HEIGHT="123"
								       GC="1.0">
								</Glyph>
								<Glyph ID="char_412" 
								       CONTENT="n"
								       HPOS="3430"
								       VPOS="1492"
								       WIDTH="0"
								       HEIGHT="123"
								       GC="1.0">
								</Glyph>
								<Glyph ID="char_413" 
								       CONTENT="d"
								       HPOS="3495"
								       VPOS="1492"
								       WIDTH="11"
								       HEIGHT="123"
								       GC="1.0">
								</Glyph>
								<Glyph ID="char_414" 
								       CONTENT="e"
								       HPOS="3539"
								       VPOS="1492"
								       WIDTH="0"
								       HEIGHT="123"
								       GC="1.0">
								</Glyph>
								<Glyph ID="char_415" 
								       CONTENT="r"
								       HPOS="3571"
								       VPOS="1492"
								       WIDTH="11"
								       HEIGHT="123"
								       GC="1.0">
								</Glyph>
								<Glyph ID="char_416" 
								       CONTENT=","
								       HPOS="3604"
								       VPOS="1492"
								       WIDTH="0"
								       HEIGHT="123"
								       GC="1.0">
								</Glyph>
							</String>
							<SP ID="segment_138"
							    HPOS="3626" 
							    VPOS="1492"
							    WIDTH="21" 
							    HEIGHT="123"/>
							<String ID="segment_139"
								CONTENT="welchem" 
								HPOS="3669" 
								VPOS="1492"
								WIDTH="304" 
								HEIGHT="123" 
								WC="0.9998">
								<Glyph ID="char_418" 
								       CONTENT="w"
								       HPOS="3669"
								       VPOS="1492"
								       WIDTH="11"
								       HEIGHT="123"
								       GC="1.0">
								</Glyph>
								<Glyph ID="char_419" 
								       CONTENT="e"
								       HPOS="3756"
								       VPOS="1492"
								       WIDTH="11"
								       HEIGHT="123"
								       GC="1.0">
								</Glyph>
								<Glyph ID="char_420" 
								       CONTENT="l"
								       HPOS="3789"
								       VPOS="1492"
								       WIDTH="11"
								       HEIGHT="123"
								       GC="1.0">
								</Glyph>
								<Glyph ID="char_421" 
								       CONTENT="c"
								       HPOS="3832"
								       VPOS="1492"
								       WIDTH="0"
								       HEIGHT="123"
								       GC="1.0">
								</Glyph>
								<Glyph ID="char_422" 
								       CONTENT="h"
								       HPOS="3865"
								       VPOS="1492"
								       WIDTH="11"
								       HEIGHT="123"
								       GC="0.9986">
								</Glyph>
								<Glyph ID="char_423" 
								       CONTENT="e"
								       HPOS="3930"
								       VPOS="1492"
								       WIDTH="11"
								       HEIGHT="123"
								       GC="0.9999">
								</Glyph>
								<Glyph ID="char_424" 
								       CONTENT="m"
								       HPOS="3963"
								       VPOS="1492"
								       WIDTH="10"
								       HEIGHT="123"
								       GC="0.9999">
								</Glyph>
							</String>
							<SP ID="segment_140"
							    HPOS="4039" 
							    VPOS="1492"
							    WIDTH="21" 
							    HEIGHT="123"/>
							<String ID="segment_141"
								CONTENT="ort" 
								HPOS="4093" 
								VPOS="1492"
								WIDTH="76" 
								HEIGHT="123" 
								WC="0.9995">
								<Glyph ID="char_426" 
								       CONTENT="o"
								       HPOS="4093"
								       VPOS="1492"
								       WIDTH="11"
								       HEIGHT="123"
								       GC="1.0">
								</Glyph>
								<Glyph ID="char_427" 
								       CONTENT="r"
								       HPOS="4136"
								       VPOS="1492"
								       WIDTH="11"
								       HEIGHT="123"
								       GC="1.0">
								</Glyph>
								<Glyph ID="char_428" 
								       CONTENT="t"
								       HPOS="4169"
								       VPOS="1492"
								       WIDTH="0"
								       HEIGHT="123"
								       GC="0.9985">
								</Glyph>
							</String>
					</TextLine>
					<TextLine ID="line_12"
						  HPOS="1022"
						  VPOS="1604" 
						  WIDTH="3095" 
						  HEIGHT="126">
							<String ID="segment_142"
								CONTENT="neiwas" 
								HPOS="1022" 
								VPOS="1604"
								WIDTH="296" 
								HEIGHT="126" 
								WC="0.9992">
								<Glyph ID="char_429" 
								       CONTENT="n"
								       HPOS="1022"
								       VPOS="1604"
								       WIDTH="0"
								       HEIGHT="126"
								       GC="1.0">
								</Glyph>
								<Glyph ID="char_430" 
								       CONTENT="e"
								       HPOS="1081"
								       VPOS="1604"
								       WIDTH="0"
								       HEIGHT="126"
								       GC="1.0">
								</Glyph>
								<Glyph ID="char_431" 
								       CONTENT="i"
								       HPOS="1105"
								       VPOS="1604"
								       WIDTH="12"
								       HEIGHT="126"
								       GC="0.9952">
								</Glyph>
								<Glyph ID="char_432" 
								       CONTENT="w"
								       HPOS="1188"
								       VPOS="1604"
								       WIDTH="12"
								       HEIGHT="126"
								       GC="1.0">
								</Glyph>
								<Glyph ID="char_433" 
								       CONTENT="a"
								       HPOS="1271"
								       VPOS="1604"
								       WIDTH="12"
								       HEIGHT="126"
								       GC="1.0">
								</Glyph>
								<Glyph ID="char_434" 
								       CONTENT="s"
								       HPOS="1318"
								       VPOS="1604"
								       WIDTH="0"
								       HEIGHT="126"
								       GC="1.0">
								</Glyph>
							</String>
							<SP ID="segment_143"
							    HPOS="1342" 
							    VPOS="1604"
							    WIDTH="24" 
							    HEIGHT="126"/>
							<String ID="segment_144"
								CONTENT="angelagen," 
								HPOS="1401" 
								VPOS="1604"
								WIDTH="415" 
								HEIGHT="126" 
								WC="1.0">
								<Glyph ID="char_436" 
								       CONTENT="a"
								       HPOS="1401"
								       VPOS="1604"
								       WIDTH="12"
								       HEIGHT="126"
								       GC="1.0">
								</Glyph>
								<Glyph ID="char_437" 
								       CONTENT="n"
								       HPOS="1449"
								       VPOS="1604"
								       WIDTH="11"
								       HEIGHT="126"
								       GC="1.0">
								</Glyph>
								<Glyph ID="char_438" 
								       CONTENT="g"
								       HPOS="1508"
								       VPOS="1604"
								       WIDTH="12"
								       HEIGHT="126"
								       GC="1.0">
								</Glyph>
								<Glyph ID="char_439" 
								       CONTENT="e"
								       HPOS="1567"
								       VPOS="1604"
								       WIDTH="0"
								       HEIGHT="126"
								       GC="1.0">
								</Glyph>
								<Glyph ID="char_440" 
								       CONTENT="l"
								       HPOS="1591"
								       VPOS="1604"
								       WIDTH="12"
								       HEIGHT="126"
								       GC="1.0">
								</Glyph>
								<Glyph ID="char_441" 
								       CONTENT="a"
								       HPOS="1626"
								       VPOS="1604"
								       WIDTH="0"
								       HEIGHT="126"
								       GC="1.0">
								</Glyph>
								<Glyph ID="char_442" 
								       CONTENT="g"
								       HPOS="1686"
								       VPOS="1604"
								       WIDTH="12"
								       HEIGHT="126"
								       GC="1.0">
								</Glyph>
								<Glyph ID="char_443" 
								       CONTENT="e"
								       HPOS="1733"
								       VPOS="1604"
								       WIDTH="12"
								       HEIGHT="126"
								       GC="1.0">
								</Glyph>
								<Glyph ID="char_444" 
								       CONTENT="n"
								       HPOS="1769"
								       VPOS="1604"
								       WIDTH="12"
								       HEIGHT="126"
								       GC="1.0">
								</Glyph>
								<Glyph ID="char_445" 
								       CONTENT=","
								       HPOS="1816"
								       VPOS="1604"
								       WIDTH="0"
								       HEIGHT="126"
								       GC="1.0">
								</Glyph>
							</String>
							<SP ID="segment_145"
							    HPOS="1840" 
							    VPOS="1604"
							    WIDTH="24" 
							    HEIGHT="126"/>
							<String ID="segment_146"
								CONTENT="mag" 
								HPOS="1899" 
								VPOS="1604"
								WIDTH="142" 
								HEIGHT="126" 
								WC="0.8792">
								<Glyph ID="char_447" 
								       CONTENT="m"
								       HPOS="1899"
								       VPOS="1604"
								       WIDTH="0"
								       HEIGHT="126"
								       GC="1.0">
								</Glyph>
								<Glyph ID="char_448" 
								       CONTENT="a"
								       HPOS="1982"
								       VPOS="1604"
								       WIDTH="0"
								       HEIGHT="126"
								       GC="0.6377">
								</Glyph>
								<Glyph ID="char_449" 
								       CONTENT="g"
								       HPOS="2030"
								       VPOS="1604"
								       WIDTH="11"
								       HEIGHT="126"
								       GC="1.0">
								</Glyph>
							</String>
							<SP ID="segment_147"
							    HPOS="2065" 
							    VPOS="1604"
							    WIDTH="24" 
							    HEIGHT="126"/>
							<String ID="segment_148"
								CONTENT="an" 
								HPOS="2124" 
								VPOS="1604"
								WIDTH="48" 
								HEIGHT="126" 
								WC="1.0">
								<Glyph ID="char_451" 
								       CONTENT="a"
								       HPOS="2124"
								       VPOS="1604"
								       WIDTH="0"
								       HEIGHT="126"
								       GC="1.0">
								</Glyph>
								<Glyph ID="char_452" 
								       CONTENT="n"
								       HPOS="2172"
								       VPOS="1604"
								       WIDTH="0"
								       HEIGHT="126"
								       GC="1.0">
								</Glyph>
							</String>
							<SP ID="segment_149"
							    HPOS="2207" 
							    VPOS="1604"
							    WIDTH="24" 
							    HEIGHT="126"/>
							<String ID="segment_150"
								CONTENT="min" 
								HPOS="2267" 
								VPOS="1604"
								WIDTH="118" 
								HEIGHT="126" 
								WC="0.9258">
								<Glyph ID="char_454" 
								       CONTENT="m"
								       HPOS="2267"
								       VPOS="1604"
								       WIDTH="0"
								       HEIGHT="126"
								       GC="1.0">
								</Glyph>
								<Glyph ID="char_455" 
								       CONTENT="i"
								       HPOS="2338"
								       VPOS="1604"
								       WIDTH="0"
								       HEIGHT="126"
								       GC="0.7774">
								</Glyph>
								<Glyph ID="char_456" 
								       CONTENT="n"
								       HPOS="2373"
								       VPOS="1604"
								       WIDTH="12"
								       HEIGHT="126"
								       GC="1.0">
								</Glyph>
							</String>
							<SP ID="segment_151"
							    HPOS="2421" 
							    VPOS="1604"
							    WIDTH="12" 
							    HEIGHT="126"/>
							<String ID="segment_152"
								CONTENT="gnadige" 
								HPOS="2480" 
								VPOS="1604"
								WIDTH="285" 
								HEIGHT="126" 
								WC="0.9666">
								<Glyph ID="char_458" 
								       CONTENT="g"
								       HPOS="2480"
								       VPOS="1604"
								       WIDTH="12"
								       HEIGHT="126"
								       GC="1.0">
								</Glyph>
								<Glyph ID="char_459" 
								       CONTENT="n"
								       HPOS="2528"
								       VPOS="1604"
								       WIDTH="0"
								       HEIGHT="126"
								       GC="1.0">
								</Glyph>
								<Glyph ID="char_460" 
								       CONTENT="a"
								       HPOS="2575"
								       VPOS="1604"
								       WIDTH="12"
								       HEIGHT="126"
								       GC="1.0">
								</Glyph>
								<Glyph ID="char_461" 
								       CONTENT="d"
								       HPOS="2634"
								       VPOS="1604"
								       WIDTH="12"
								       HEIGHT="126"
								       GC="1.0">
								</Glyph>
								<Glyph ID="char_462" 
								       CONTENT="i"
								       HPOS="2670"
								       VPOS="1604"
								       WIDTH="0"
								       HEIGHT="126"
								       GC="0.7659">
								</Glyph>
								<Glyph ID="char_463" 
								       CONTENT="g"
								       HPOS="2706"
								       VPOS="1604"
								       WIDTH="11"
								       HEIGHT="126"
								       GC="1.0">
								</Glyph>
								<Glyph ID="char_464" 
								       CONTENT="e"
								       HPOS="2765"
								       VPOS="1604"
								       WIDTH="0"
								       HEIGHT="126"
								       GC="1.0">
								</Glyph>
							</String>
							<SP ID="segment_153"
							    HPOS="2789" 
							    VPOS="1604"
							    WIDTH="23" 
							    HEIGHT="126"/>
							<String ID="segment_154"
								CONTENT="herren" 
								HPOS="2836" 
								VPOS="1604"
								WIDTH="225" 
								HEIGHT="126" 
								WC="0.9981">
								<Glyph ID="char_466" 
								       CONTENT="h"
								       HPOS="2836"
								       VPOS="1604"
								       WIDTH="12"
								       HEIGHT="126"
								       GC="1.0">
								</Glyph>
								<Glyph ID="char_467" 
								       CONTENT="e"
								       HPOS="2907"
								       VPOS="1604"
								       WIDTH="0"
								       HEIGHT="126"
								       GC="0.9987">
								</Glyph>
								<Glyph ID="char_468" 
								       CONTENT="r"
								       HPOS="2943"
								       VPOS="1604"
								       WIDTH="0"
								       HEIGHT="126"
								       GC="1.0">
								</Glyph>
								<Glyph ID="char_469" 
								       CONTENT="r"
								       HPOS="2978"
								       VPOS="1604"
								       WIDTH="0"
								       HEIGHT="126"
								       GC="1.0">
								</Glyph>
								<Glyph ID="char_470" 
								       CONTENT="e"
								       HPOS="3014"
								       VPOS="1604"
								       WIDTH="12"
								       HEIGHT="126"
								       GC="1.0">
								</Glyph>
								<Glyph ID="char_471" 
								       CONTENT="n"
								       HPOS="3061"
								       VPOS="1604"
								       WIDTH="0"
								       HEIGHT="126"
								       GC="0.9901">
								</Glyph>
							</String>
							<SP ID="segment_155"
							    HPOS="3097" 
							    VPOS="1604"
							    WIDTH="24" 
							    HEIGHT="126"/>
							<String ID="segment_156"
								CONTENT="von" 
								HPOS="3144" 
								VPOS="1604"
								WIDTH="119" 
								HEIGHT="126" 
								WC="0.9998">
								<Glyph ID="char_473" 
								       CONTENT="v"
								       HPOS="3144"
								       VPOS="1604"
								       WIDTH="0"
								       HEIGHT="126"
								       GC="1.0">
								</Glyph>
								<Glyph ID="char_474" 
								       CONTENT="o"
								       HPOS="3215"
								       VPOS="1604"
								       WIDTH="0"
								       HEIGHT="126"
								       GC="1.0">
								</Glyph>
								<Glyph ID="char_475" 
								       CONTENT="n"
								       HPOS="3263"
								       VPOS="1604"
								       WIDTH="0"
								       HEIGHT="126"
								       GC="0.9996">
								</Glyph>
							</String>
							<SP ID="segment_157"
							    HPOS="3298" 
							    VPOS="1604"
							    WIDTH="24" 
							    HEIGHT="126"/>
							<String ID="segment_158"
								CONTENT="Ziirych" 
								HPOS="3370" 
								VPOS="1604"
								WIDTH="225" 
								HEIGHT="126" 
								WC="0.9992">
								<Glyph ID="char_477" 
								       CONTENT="Z"
								       HPOS="3370"
								       VPOS="1604"
								       WIDTH="11"
								       HEIGHT="126"
								       GC="0.9999">
								</Glyph>
								<Glyph ID="char_478" 
								       CONTENT="i"
								       HPOS="3417"
								       VPOS="1604"
								       WIDTH="0"
								       HEIGHT="126"
								       GC="0.9948">
								</Glyph>
								<Glyph ID="char_479" 
								       CONTENT="i"
								       HPOS="3441"
								       VPOS="1604"
								       WIDTH="0"
								       HEIGHT="126"
								       GC="1.0">
								</Glyph>
								<Glyph ID="char_480" 
								       CONTENT="r"
								       HPOS="3464"
								       VPOS="1604"
								       WIDTH="12"
								       HEIGHT="126"
								       GC="1.0">
								</Glyph>
								<Glyph ID="char_481" 
								       CONTENT="y"
								       HPOS="3500"
								       VPOS="1604"
								       WIDTH="0"
								       HEIGHT="126"
								       GC="1.0">
								</Glyph>
								<Glyph ID="char_482" 
								       CONTENT="c"
								       HPOS="3559"
								       VPOS="1604"
								       WIDTH="0"
								       HEIGHT="126"
								       GC="1.0">
								</Glyph>
								<Glyph ID="char_483" 
								       CONTENT="h"
								       HPOS="3595"
								       VPOS="1604"
								       WIDTH="0"
								       HEIGHT="126"
								       GC="0.9999">
								</Glyph>
							</String>
							<SP ID="segment_159"
							    HPOS="3642" 
							    VPOS="1604"
							    WIDTH="24" 
							    HEIGHT="126"/>
							<String ID="segment_160"
								CONTENT="umb" 
								HPOS="3702" 
								VPOS="1604"
								WIDTH="130" 
								HEIGHT="126" 
								WC="0.9137">
								<Glyph ID="char_485" 
								       CONTENT="u"
								       HPOS="3702"
								       VPOS="1604"
								       WIDTH="11"
								       HEIGHT="126"
								       GC="1.0">
								</Glyph>
								<Glyph ID="char_486" 
								       CONTENT="m"
								       HPOS="3749"
								       VPOS="1604"
								       WIDTH="12"
								       HEIGHT="126"
								       GC="1.0">
								</Glyph>
								<Glyph ID="char_487" 
								       CONTENT="b"
								       HPOS="3832"
								       VPOS="1604"
								       WIDTH="0"
								       HEIGHT="126"
								       GC="0.741">
								</Glyph>
							</String>
							<SP ID="segment_161"
							    HPOS="3879" 
							    VPOS="1604"
							    WIDTH="12" 
							    HEIGHT="126"/>
							<String ID="segment_162"
								CONTENT="tag" 
								HPOS="3927" 
								VPOS="1604"
								WIDTH="95" 
								HEIGHT="126" 
								WC="0.9975">
								<Glyph ID="char_489" 
								       CONTENT="t"
								       HPOS="3927"
								       VPOS="1604"
								       WIDTH="0"
								       HEIGHT="126"
								       GC="0.9998">
								</Glyph>
								<Glyph ID="char_490" 
								       CONTENT="a"
								       HPOS="3962"
								       VPOS="1604"
								       WIDTH="0"
								       HEIGHT="126"
								       GC="0.9926">
								</Glyph>
								<Glyph ID="char_491" 
								       CONTENT="g"
								       HPOS="4010"
								       VPOS="1604"
								       WIDTH="12"
								       HEIGHT="126"
								       GC="1.0">
								</Glyph>
							</String>
							<SP ID="segment_163"
							    HPOS="4045" 
							    VPOS="1604"
							    WIDTH="24" 
							    HEIGHT="126"/>
							<String ID="segment_164"
								CONTENT="z" 
								HPOS="4105" 
								VPOS="1604"
								WIDTH="12" 
								HEIGHT="126" 
								WC="1.0">
								<Glyph ID="char_493" 
								       CONTENT="z"
								       HPOS="4105"
								       VPOS="1604"
								       WIDTH="12"
								       HEIGHT="126"
								       GC="1.0">
								</Glyph>
							</String>
					</TextLine>
					<TextLine ID="line_13"
						  HPOS="1016"
						  VPOS="1710" 
						  WIDTH="3135" 
						  HEIGHT="131">
							<String ID="segment_165"
								CONTENT="beschriben" 
								HPOS="1016" 
								VPOS="1710"
								WIDTH="409" 
								HEIGHT="131" 
								WC="0.9983">
								<Glyph ID="char_494" 
								       CONTENT="b"
								       HPOS="1016"
								       VPOS="1710"
								       WIDTH="0"
								       HEIGHT="131"
								       GC="1.0">
								</Glyph>
								<Glyph ID="char_495" 
								       CONTENT="e"
								       HPOS="1074"
								       VPOS="1710"
								       WIDTH="12"
								       HEIGHT="131"
								       GC="1.0">
								</Glyph>
								<Glyph ID="char_496" 
								       CONTENT="s"
								       HPOS="1121"
								       VPOS="1710"
								       WIDTH="0"
								       HEIGHT="131"
								       GC="1.0">
								</Glyph>
								<Glyph ID="char_497" 
								       CONTENT="c"
								       HPOS="1168"
								       VPOS="1710"
								       WIDTH="0"
								       HEIGHT="131"
								       GC="1.0">
								</Glyph>
								<Glyph ID="char_498" 
								       CONTENT="h"
								       HPOS="1203"
								       VPOS="1710"
								       WIDTH="0"
								       HEIGHT="131"
								       GC="1.0">
								</Glyph>
								<Glyph ID="char_499" 
								       CONTENT="r"
								       HPOS="1250"
								       VPOS="1710"
								       WIDTH="11"
								       HEIGHT="131"
								       GC="1.0">
								</Glyph>
								<Glyph ID="char_500" 
								       CONTENT="i"
								       HPOS="1285"
								       VPOS="1710"
								       WIDTH="0"
								       HEIGHT="131"
								       GC="0.9827">
								</Glyph>
								<Glyph ID="char_501" 
								       CONTENT="b"
								       HPOS="1308"
								       VPOS="1710"
								       WIDTH="12"
								       HEIGHT="131"
								       GC="1.0">
								</Glyph>
								<Glyph ID="char_502" 
								       CONTENT="e"
								       HPOS="1378"
								       VPOS="1710"
								       WIDTH="0"
								       HEIGHT="131"
								       GC="1.0">
								</Glyph>
								<Glyph ID="char_503" 
								       CONTENT="n"
								       HPOS="1413"
								       VPOS="1710"
								       WIDTH="12"
								       HEIGHT="131"
								       GC="1.0">
								</Glyph>
							</String>
							<SP ID="segment_166"
							    HPOS="1448" 
							    VPOS="1710"
							    WIDTH="24" 
							    HEIGHT="131"/>
							<String ID="segment_167"
								CONTENT="werben." 
								HPOS="1495" 
								VPOS="1710"
								WIDTH="316" 
								HEIGHT="131" 
								WC="0.9998">
								<Glyph ID="char_505" 
								       CONTENT="w"
								       HPOS="1495"
								       VPOS="1710"
								       WIDTH="12"
								       HEIGHT="131"
								       GC="1.0">
								</Glyph>
								<Glyph ID="char_506" 
								       CONTENT="e"
								       HPOS="1589"
								       VPOS="1710"
								       WIDTH="0"
								       HEIGHT="131"
								       GC="1.0">
								</Glyph>
								<Glyph ID="char_507" 
								       CONTENT="r"
								       HPOS="1624"
								       VPOS="1710"
								       WIDTH="12"
								       HEIGHT="131"
								       GC="1.0">
								</Glyph>
								<Glyph ID="char_508" 
								       CONTENT="b"
								       HPOS="1659"
								       VPOS="1710"
								       WIDTH="0"
								       HEIGHT="131"
								       GC="0.9989">
								</Glyph>
								<Glyph ID="char_509" 
								       CONTENT="e"
								       HPOS="1718"
								       VPOS="1710"
								       WIDTH="11"
								       HEIGHT="131"
								       GC="1.0">
								</Glyph>
								<Glyph ID="char_510" 
								       CONTENT="n"
								       HPOS="1764"
								       VPOS="1710"
								       WIDTH="0"
								       HEIGHT="131"
								       GC="1.0">
								</Glyph>
								<Glyph ID="char_511" 
								       CONTENT="."
								       HPOS="1799"
								       VPOS="1710"
								       WIDTH="12"
								       HEIGHT="131"
								       GC="1.0">
								</Glyph>
							</String>
							<SP ID="segment_168"
							    HPOS="1823" 
							    VPOS="1710"
							    WIDTH="23" 
							    HEIGHT="131"/>
							<String ID="segment_169"
								CONTENT="Es" 
								HPOS="1893" 
								VPOS="1710"
								WIDTH="47" 
								HEIGHT="131" 
								WC="1.0">
								<Glyph ID="char_513" 
								       CONTENT="E"
								       HPOS="1893"
								       VPOS="1710"
								       WIDTH="12"
								       HEIGHT="131"
								       GC="1.0">
								</Glyph>
								<Glyph ID="char_514" 
								       CONTENT="s"
								       HPOS="1940"
								       VPOS="1710"
								       WIDTH="0"
								       HEIGHT="131"
								       GC="1.0">
								</Glyph>
							</String>
							<SP ID="segment_170"
							    HPOS="1963" 
							    VPOS="1710"
							    WIDTH="24" 
							    HEIGHT="131"/>
							<String ID="segment_171"
								CONTENT="ist" 
								HPOS="2010" 
								VPOS="1710"
								WIDTH="70" 
								HEIGHT="131" 
								WC="1.0">
								<Glyph ID="char_516" 
								       CONTENT="i"
								       HPOS="2010"
								       VPOS="1710"
								       WIDTH="12"
								       HEIGHT="131"
								       GC="1.0">
								</Glyph>
								<Glyph ID="char_517" 
								       CONTENT="s"
								       HPOS="2045"
								       VPOS="1710"
								       WIDTH="12"
								       HEIGHT="131"
								       GC="1.0">
								</Glyph>
								<Glyph ID="char_518" 
								       CONTENT="t"
								       HPOS="2080"
								       VPOS="1710"
								       WIDTH="0"
								       HEIGHT="131"
								       GC="1.0">
								</Glyph>
							</String>
							<SP ID="segment_172"
							    HPOS="2104" 
							    VPOS="1710"
							    WIDTH="23" 
							    HEIGHT="131"/>
							<String ID="segment_173"
								CONTENT="ouch" 
								HPOS="2162" 
								VPOS="1710"
								WIDTH="141" 
								HEIGHT="131" 
								WC="0.9216">
								<Glyph ID="char_520" 
								       CONTENT="o"
								       HPOS="2162"
								       VPOS="1710"
								       WIDTH="0"
								       HEIGHT="131"
								       GC="1.0">
								</Glyph>
								<Glyph ID="char_521" 
								       CONTENT="u"
								       HPOS="2209"
								       VPOS="1710"
								       WIDTH="0"
								       HEIGHT="131"
								       GC="1.0">
								</Glyph>
								<Glyph ID="char_522" 
								       CONTENT="c"
								       HPOS="2267"
								       VPOS="1710"
								       WIDTH="0"
								       HEIGHT="131"
								       GC="1.0">
								</Glyph>
								<Glyph ID="char_523" 
								       CONTENT="h"
								       HPOS="2303"
								       VPOS="1710"
								       WIDTH="0"
								       HEIGHT="131"
								       GC="0.6863">
								</Glyph>
							</String>
							<SP ID="segment_174"
							    HPOS="2338" 
							    VPOS="1710"
							    WIDTH="23" 
							    HEIGHT="131"/>
							<String ID="segment_175"
								CONTENT="von" 
								HPOS="2384" 
								VPOS="1710"
								WIDTH="117" 
								HEIGHT="131" 
								WC="0.9999">
								<Glyph ID="char_525" 
								       CONTENT="v"
								       HPOS="2384"
								       VPOS="1710"
								       WIDTH="0"
								       HEIGHT="131"
								       GC="0.9998">
								</Glyph>
								<Glyph ID="char_526" 
								       CONTENT="o"
								       HPOS="2455"
								       VPOS="1710"
								       WIDTH="0"
								       HEIGHT="131"
								       GC="1.0">
								</Glyph>
								<Glyph ID="char_527" 
								       CONTENT="n"
								       HPOS="2501"
								       VPOS="1710"
								       WIDTH="0"
								       HEIGHT="131"
								       GC="1.0">
								</Glyph>
							</String>
							<SP ID="segment_176"
							    HPOS="2537" 
							    VPOS="1710"
							    WIDTH="23" 
							    HEIGHT="131"/>
							<String ID="segment_177"
								CONTENT="der" 
								HPOS="2595" 
								VPOS="1710"
								WIDTH="94" 
								HEIGHT="131" 
								WC="1.0">
								<Glyph ID="char_529" 
								       CONTENT="d"
								       HPOS="2595"
								       VPOS="1710"
								       WIDTH="12"
								       HEIGHT="131"
								       GC="1.0">
								</Glyph>
								<Glyph ID="char_530" 
								       CONTENT="e"
								       HPOS="2642"
								       VPOS="1710"
								       WIDTH="12"
								       HEIGHT="131"
								       GC="1.0">
								</Glyph>
								<Glyph ID="char_531" 
								       CONTENT="r"
								       HPOS="2677"
								       VPOS="1710"
								       WIDTH="12"
								       HEIGHT="131"
								       GC="1.0">
								</Glyph>
							</String>
							<SP ID="segment_178"
							    HPOS="2700" 
							    VPOS="1710"
							    WIDTH="24" 
							    HEIGHT="131"/>
							<String ID="segment_179"
								CONTENT="muntz" 
								HPOS="2747" 
								VPOS="1710"
								WIDTH="234" 
								HEIGHT="131" 
								WC="0.9892">
								<Glyph ID="char_533" 
								       CONTENT="m"
								       HPOS="2747"
								       VPOS="1710"
								       WIDTH="12"
								       HEIGHT="131"
								       GC="1.0">
								</Glyph>
								<Glyph ID="char_534" 
								       CONTENT="u"
								       HPOS="2841"
								       VPOS="1710"
								       WIDTH="0"
								       HEIGHT="131"
								       GC="0.9943">
								</Glyph>
								<Glyph ID="char_535" 
								       CONTENT="n"
								       HPOS="2887"
								       VPOS="1710"
								       WIDTH="0"
								       HEIGHT="131"
								       GC="0.9917">
								</Glyph>
								<Glyph ID="char_536" 
								       CONTENT="t"
								       HPOS="2934"
								       VPOS="1710"
								       WIDTH="0"
								       HEIGHT="131"
								       GC="0.9622">
								</Glyph>
								<Glyph ID="char_537" 
								       CONTENT="z"
								       HPOS="2969"
								       VPOS="1710"
								       WIDTH="12"
								       HEIGHT="131"
								       GC="0.9977">
								</Glyph>
							</String>
							<SP ID="segment_180"
							    HPOS="3004" 
							    VPOS="1710"
							    WIDTH="12" 
							    HEIGHT="131"/>
							<String ID="segment_181"
								CONTENT="und" 
								HPOS="3051" 
								VPOS="1710"
								WIDTH="129" 
								HEIGHT="131" 
								WC="1.0">
								<Glyph ID="char_539" 
								       CONTENT="u"
								       HPOS="3051"
								       VPOS="1710"
								       WIDTH="12"
								       HEIGHT="131"
								       GC="1.0">
								</Glyph>
								<Glyph ID="char_540" 
								       CONTENT="n"
								       HPOS="3098"
								       VPOS="1710"
								       WIDTH="12"
								       HEIGHT="131"
								       GC="1.0">
								</Glyph>
								<Glyph ID="char_541" 
								       CONTENT="d"
								       HPOS="3168"
								       VPOS="1710"
								       WIDTH="12"
								       HEIGHT="131"
								       GC="1.0">
								</Glyph>
							</String>
							<SP ID="segment_182"
							    HPOS="3192" 
							    VPOS="1710"
							    WIDTH="23" 
							    HEIGHT="131"/>
							<String ID="segment_183"
								CONTENT="saltz" 
								HPOS="3250" 
								VPOS="1710"
								WIDTH="152" 
								HEIGHT="131" 
								WC="0.9959">
								<Glyph ID="char_543" 
								       CONTENT="s"
								       HPOS="3250"
								       VPOS="1710"
								       WIDTH="0"
								       HEIGHT="131"
								       GC="0.9942">
								</Glyph>
								<Glyph ID="char_544" 
								       CONTENT="a"
								       HPOS="3285"
								       VPOS="1710"
								       WIDTH="0"
								       HEIGHT="131"
								       GC="0.996">
								</Glyph>
								<Glyph ID="char_545" 
								       CONTENT="l"
								       HPOS="3332"
								       VPOS="1710"
								       WIDTH="0"
								       HEIGHT="131"
								       GC="0.9999">
								</Glyph>
								<Glyph ID="char_546" 
								       CONTENT="t"
								       HPOS="3355"
								       VPOS="1710"
								       WIDTH="0"
								       HEIGHT="131"
								       GC="0.9893">
								</Glyph>
								<Glyph ID="char_547" 
								       CONTENT="z"
								       HPOS="3391"
								       VPOS="1710"
								       WIDTH="11"
								       HEIGHT="131"
								       GC="1.0">
								</Glyph>
							</String>
							<SP ID="segment_184"
							    HPOS="3426" 
							    VPOS="1710"
							    WIDTH="11" 
							    HEIGHT="131"/>
							<String ID="segment_185"
								CONTENT="gehandlet," 
								HPOS="3484" 
								VPOS="1710"
								WIDTH="386" 
								HEIGHT="131" 
								WC="0.9815">
								<Glyph ID="char_549" 
								       CONTENT="g"
								       HPOS="3484"
								       VPOS="1710"
								       WIDTH="0"
								       HEIGHT="131"
								       GC="0.9993">
								</Glyph>
								<Glyph ID="char_550" 
								       CONTENT="e"
								       HPOS="3531"
								       VPOS="1710"
								       WIDTH="0"
								       HEIGHT="131"
								       GC="1.0">
								</Glyph>
								<Glyph ID="char_551" 
								       CONTENT="h"
								       HPOS="3566"
								       VPOS="1710"
								       WIDTH="0"
								       HEIGHT="131"
								       GC="0.966">
								</Glyph>
								<Glyph ID="char_552" 
								       CONTENT="a"
								       HPOS="3625"
								       VPOS="1710"
								       WIDTH="0"
								       HEIGHT="131"
								       GC="1.0">
								</Glyph>
								<Glyph ID="char_553" 
								       CONTENT="n"
								       HPOS="3671"
								       VPOS="1710"
								       WIDTH="0"
								       HEIGHT="131"
								       GC="0.9848">
								</Glyph>
								<Glyph ID="char_554" 
								       CONTENT="d"
								       HPOS="3730"
								       VPOS="1710"
								       WIDTH="12"
								       HEIGHT="131"
								       GC="1.0">
								</Glyph>
								<Glyph ID="char_555" 
								       CONTENT="l"
								       HPOS="3765"
								       VPOS="1710"
								       WIDTH="0"
								       HEIGHT="131"
								       GC="1.0">
								</Glyph>
								<Glyph ID="char_556" 
								       CONTENT="e"
								       HPOS="3812"
								       VPOS="1710"
								       WIDTH="0"
								       HEIGHT="131"
								       GC="1.0">
								</Glyph>
								<Glyph ID="char_557" 
								       CONTENT="t"
								       HPOS="3847"
								       VPOS="1710"
								       WIDTH="0"
								       HEIGHT="131"
								       GC="1.0">
								</Glyph>
								<Glyph ID="char_558" 
								       CONTENT=","
								       HPOS="3870"
								       VPOS="1710"
								       WIDTH="0"
								       HEIGHT="131"
								       GC="0.8653">
								</Glyph>
							</String>
							<SP ID="segment_186"
							    HPOS="3882" 
							    VPOS="1710"
							    WIDTH="23" 
							    HEIGHT="131"/>
							<String ID="segment_187"
								CONTENT="da" 
								HPOS="3952" 
								VPOS="1710"
								WIDTH="47" 
								HEIGHT="131" 
								WC="1.0">
								<Glyph ID="char_560" 
								       CONTENT="d"
								       HPOS="3952"
								       VPOS="1710"
								       WIDTH="12"
								       HEIGHT="131"
								       GC="1.0">
								</Glyph>
								<Glyph ID="char_561" 
								       CONTENT="a"
								       HPOS="3987"
								       VPOS="1710"
								       WIDTH="12"
								       HEIGHT="131"
								       GC="1.0">
								</Glyph>
							</String>
							<SP ID="segment_188"
							    HPOS="4034" 
							    VPOS="1710"
							    WIDTH="12" 
							    HEIGHT="131"/>
							<String ID="segment_189"
								CONTENT="ich" 
								HPOS="4069" 
								VPOS="1710"
								WIDTH="82" 
								HEIGHT="131" 
								WC="1.0">
								<Glyph ID="char_563" 
								       CONTENT="i"
								       HPOS="4069"
								       VPOS="1710"
								       WIDTH="0"
								       HEIGHT="131"
								       GC="1.0">
								</Glyph>
								<Glyph ID="char_564" 
								       CONTENT="c"
								       HPOS="4104"
								       VPOS="1710"
								       WIDTH="12"
								       HEIGHT="131"
								       GC="1.0">
								</Glyph>
								<Glyph ID="char_565" 
								       CONTENT="h"
								       HPOS="4139"
								       VPOS="1710"
								       WIDTH="12"
								       HEIGHT="131"
								       GC="1.0">
								</Glyph>
							</String>
					</TextLine>
					<TextLine ID="line_14"
						  HPOS="977"
						  VPOS="1826" 
						  WIDTH="3183" 
						  HEIGHT="122">
							<String ID="segment_190"
								CONTENT=" " 
								HPOS="977" 
								VPOS="1826"
								WIDTH="0" 
								HEIGHT="122" 
								WC="0.9994">
								<Glyph ID="char_566" 
								       CONTENT=" "
								       HPOS="977"
								       VPOS="1826"
								       WIDTH="0"
								       HEIGHT="122"
								       GC="0.9994">
								</Glyph>
							</String>
							<String ID="segment_191"
								CONTENT="den" 
								HPOS="1032" 
								VPOS="1826"
								WIDTH="88" 
								HEIGHT="122" 
								WC="1.0">
								<Glyph ID="char_567" 
								       CONTENT="d"
								       HPOS="1032"
								       VPOS="1826"
								       WIDTH="11"
								       HEIGHT="122"
								       GC="1.0">
								</Glyph>
								<Glyph ID="char_568" 
								       CONTENT="e"
								       HPOS="1076"
								       VPOS="1826"
								       WIDTH="0"
								       HEIGHT="122"
								       GC="1.0">
								</Glyph>
								<Glyph ID="char_569" 
								       CONTENT="n"
								       HPOS="1109"
								       VPOS="1826"
								       WIDTH="11"
								       HEIGHT="122"
								       GC="1.0">
								</Glyph>
							</String>
							<SP ID="segment_192"
							    HPOS="1153" 
							    VPOS="1826"
							    WIDTH="22" 
							    HEIGHT="122"/>
							<String ID="segment_193"
								CONTENT="grund" 
								HPOS="1219" 
								VPOS="1826"
								WIDTH="199" 
								HEIGHT="122" 
								WC="1.0">
								<Glyph ID="char_571" 
								       CONTENT="g"
								       HPOS="1219"
								       VPOS="1826"
								       WIDTH="11"
								       HEIGHT="122"
								       GC="1.0">
								</Glyph>
								<Glyph ID="char_572" 
								       CONTENT="r"
								       HPOS="1263"
								       VPOS="1826"
								       WIDTH="0"
								       HEIGHT="122"
								       GC="1.0">
								</Glyph>
								<Glyph ID="char_573" 
								       CONTENT="u"
								       HPOS="1296"
								       VPOS="1826"
								       WIDTH="11"
								       HEIGHT="122"
								       GC="1.0">
								</Glyph>
								<Glyph ID="char_574" 
								       CONTENT="n"
								       HPOS="1341"
								       VPOS="1826"
								       WIDTH="11"
								       HEIGHT="122"
								       GC="1.0">
								</Glyph>
								<Glyph ID="char_575" 
								       CONTENT="d"
								       HPOS="1407"
								       VPOS="1826"
								       WIDTH="11"
								       HEIGHT="122"
								       GC="1.0">
								</Glyph>
							</String>
							<SP ID="segment_194"
							    HPOS="1440" 
							    VPOS="1826"
							    WIDTH="11" 
							    HEIGHT="122"/>
							<String ID="segment_195"
								CONTENT="noch" 
								HPOS="1484" 
								VPOS="1826"
								WIDTH="154" 
								HEIGHT="122" 
								WC="1.0">
								<Glyph ID="char_577" 
								       CONTENT="n"
								       HPOS="1484"
								       VPOS="1826"
								       WIDTH="11"
								       HEIGHT="122"
								       GC="1.0">
								</Glyph>
								<Glyph ID="char_578" 
								       CONTENT="o"
								       HPOS="1550"
								       VPOS="1826"
								       WIDTH="0"
								       HEIGHT="122"
								       GC="1.0">
								</Glyph>
								<Glyph ID="char_579" 
								       CONTENT="c"
								       HPOS="1605"
								       VPOS="1826"
								       WIDTH="0"
								       HEIGHT="122"
								       GC="1.0">
								</Glyph>
								<Glyph ID="char_580" 
								       CONTENT="h"
								       HPOS="1638"
								       VPOS="1826"
								       WIDTH="0"
								       HEIGHT="122"
								       GC="1.0">
								</Glyph>
							</String>
							<SP ID="segment_196"
							    HPOS="1682" 
							    VPOS="1826"
							    WIDTH="11" 
							    HEIGHT="122"/>
							<String ID="segment_197"
								CONTENT="nitt" 
								HPOS="1726" 
								VPOS="1826"
								WIDTH="110" 
								HEIGHT="122" 
								WC="1.0">
								<Glyph ID="char_582" 
								       CONTENT="n"
								       HPOS="1726"
								       VPOS="1826"
								       WIDTH="11"
								       HEIGHT="122"
								       GC="1.0">
								</Glyph>
								<Glyph ID="char_583" 
								       CONTENT="i"
								       HPOS="1770"
								       VPOS="1826"
								       WIDTH="11"
								       HEIGHT="122"
								       GC="1.0">
								</Glyph>
								<Glyph ID="char_584" 
								       CONTENT="t"
								       HPOS="1803"
								       VPOS="1826"
								       WIDTH="11"
								       HEIGHT="122"
								       GC="1.0">
								</Glyph>
								<Glyph ID="char_585" 
								       CONTENT="t"
								       HPOS="1836"
								       VPOS="1826"
								       WIDTH="0"
								       HEIGHT="122"
								       GC="1.0">
								</Glyph>
							</String>
							<SP ID="segment_198"
							    HPOS="1858" 
							    VPOS="1826"
							    WIDTH="22" 
							    HEIGHT="122"/>
							<String ID="segment_199"
								CONTENT="weil;" 
								HPOS="1902" 
								VPOS="1826"
								WIDTH="209" 
								HEIGHT="122" 
								WC="0.9664">
								<Glyph ID="char_587" 
								       CONTENT="w"
								       HPOS="1902"
								       VPOS="1826"
								       WIDTH="11"
								       HEIGHT="122"
								       GC="1.0">
								</Glyph>
								<Glyph ID="char_588" 
								       CONTENT="e"
								       HPOS="1990"
								       VPOS="1826"
								       WIDTH="11"
								       HEIGHT="122"
								       GC="1.0">
								</Glyph>
								<Glyph ID="char_589" 
								       CONTENT="i"
								       HPOS="2023"
								       VPOS="1826"
								       WIDTH="11"
								       HEIGHT="122"
								       GC="1.0">
								</Glyph>
								<Glyph ID="char_590" 
								       CONTENT="l"
								       HPOS="2056"
								       VPOS="1826"
								       WIDTH="0"
								       HEIGHT="122"
								       GC="0.8318">
								</Glyph>
								<Glyph ID="char_591" 
								       CONTENT=";"
								       HPOS="2100"
								       VPOS="1826"
								       WIDTH="11"
								       HEIGHT="122"
								       GC="1.0">
								</Glyph>
							</String>
							<SP ID="segment_200"
							    HPOS="2122" 
							    VPOS="1826"
							    WIDTH="34" 
							    HEIGHT="122"/>
							<String ID="segment_201"
								CONTENT="dann" 
								HPOS="2189" 
								VPOS="1826"
								WIDTH="143" 
								HEIGHT="122" 
								WC="1.0">
								<Glyph ID="char_593" 
								       CONTENT="d"
								       HPOS="2189"
								       VPOS="1826"
								       WIDTH="11"
								       HEIGHT="122"
								       GC="1.0">
								</Glyph>
								<Glyph ID="char_594" 
								       CONTENT="a"
								       HPOS="2233"
								       VPOS="1826"
								       WIDTH="0"
								       HEIGHT="122"
								       GC="1.0">
								</Glyph>
								<Glyph ID="char_595" 
								       CONTENT="n"
								       HPOS="2277"
								       VPOS="1826"
								       WIDTH="0"
								       HEIGHT="122"
								       GC="1.0">
								</Glyph>
								<Glyph ID="char_596" 
								       CONTENT="n"
								       HPOS="2332"
								       VPOS="1826"
								       WIDTH="0"
								       HEIGHT="122"
								       GC="1.0">
								</Glyph>
							</String>
							<SP ID="segment_202"
							    HPOS="2365" 
							    VPOS="1826"
							    WIDTH="22" 
							    HEIGHT="122"/>
							<String ID="segment_203"
								CONTENT="ich" 
								HPOS="2409" 
								VPOS="1826"
								WIDTH="77" 
								HEIGHT="122" 
								WC="0.9642">
								<Glyph ID="char_598" 
								       CONTENT="i"
								       HPOS="2409"
								       VPOS="1826"
								       WIDTH="11"
								       HEIGHT="122"
								       GC="1.0">
								</Glyph>
								<Glyph ID="char_599" 
								       CONTENT="c"
								       HPOS="2453"
								       VPOS="1826"
								       WIDTH="0"
								       HEIGHT="122"
								       GC="0.9999">
								</Glyph>
								<Glyph ID="char_600" 
								       CONTENT="h"
								       HPOS="2486"
								       VPOS="1826"
								       WIDTH="0"
								       HEIGHT="122"
								       GC="0.8927">
								</Glyph>
							</String>
							<SP ID="segment_204"
							    HPOS="2541" 
							    VPOS="1826"
							    WIDTH="11" 
							    HEIGHT="122"/>
							<String ID="segment_205"
								CONTENT="dem" 
								HPOS="2596" 
								VPOS="1826"
								WIDTH="88" 
								HEIGHT="122" 
								WC="1.0">
								<Glyph ID="char_602" 
								       CONTENT="d"
								       HPOS="2596"
								       VPOS="1826"
								       WIDTH="11"
								       HEIGHT="122"
								       GC="1.0">
								</Glyph>
								<Glyph ID="char_603" 
								       CONTENT="e"
								       HPOS="2640"
								       VPOS="1826"
								       WIDTH="11"
								       HEIGHT="122"
								       GC="1.0">
								</Glyph>
								<Glyph ID="char_604" 
								       CONTENT="m"
								       HPOS="2684"
								       VPOS="1826"
								       WIDTH="0"
								       HEIGHT="122"
								       GC="1.0">
								</Glyph>
							</String>
							<SP ID="segment_206"
							    HPOS="2750" 
							    VPOS="1826"
							    WIDTH="22" 
							    HEIGHT="122"/>
							<String ID="segment_207"
								CONTENT="nitt" 
								HPOS="2805" 
								VPOS="1826"
								WIDTH="99" 
								HEIGHT="122" 
								WC="0.9986">
								<Glyph ID="char_606" 
								       CONTENT="n"
								       HPOS="2805"
								       VPOS="1826"
								       WIDTH="0"
								       HEIGHT="122"
								       GC="0.9998">
								</Glyph>
								<Glyph ID="char_607" 
								       CONTENT="i"
								       HPOS="2849"
								       VPOS="1826"
								       WIDTH="0"
								       HEIGHT="122"
								       GC="0.9999">
								</Glyph>
								<Glyph ID="char_608" 
								       CONTENT="t"
								       HPOS="2882"
								       VPOS="1826"
								       WIDTH="0"
								       HEIGHT="122"
								       GC="0.9962">
								</Glyph>
								<Glyph ID="char_609" 
								       CONTENT="t"
								       HPOS="2904"
								       VPOS="1826"
								       WIDTH="0"
								       HEIGHT="122"
								       GC="0.9985">
								</Glyph>
							</String>
							<SP ID="segment_208"
							    HPOS="2926" 
							    VPOS="1826"
							    WIDTH="22" 
							    HEIGHT="122"/>
							<String ID="segment_209"
								CONTENT="wie" 
								HPOS="2970" 
								VPOS="1826"
								WIDTH="122" 
								HEIGHT="122" 
								WC="1.0">
								<Glyph ID="char_611" 
								       CONTENT="w"
								       HPOS="2970"
								       VPOS="1826"
								       WIDTH="12"
								       HEIGHT="122"
								       GC="1.0">
								</Glyph>
								<Glyph ID="char_612" 
								       CONTENT="i"
								       HPOS="3048"
								       VPOS="1826"
								       WIDTH="0"
								       HEIGHT="122"
								       GC="1.0">
								</Glyph>
								<Glyph ID="char_613" 
								       CONTENT="e"
								       HPOS="3092"
								       VPOS="1826"
								       WIDTH="0"
								       HEIGHT="122"
								       GC="0.9999">
								</Glyph>
							</String>
							<SP ID="segment_210"
							    HPOS="3114" 
							    VPOS="1826"
							    WIDTH="22" 
							    HEIGHT="122"/>
							<String ID="segment_211"
								CONTENT="dem" 
								HPOS="3180" 
								VPOS="1826"
								WIDTH="88" 
								HEIGHT="122" 
								WC="0.9999">
								<Glyph ID="char_615" 
								       CONTENT="d"
								       HPOS="3180"
								       VPOS="1826"
								       WIDTH="11"
								       HEIGHT="122"
								       GC="0.9997">
								</Glyph>
								<Glyph ID="char_616" 
								       CONTENT="e"
								       HPOS="3224"
								       VPOS="1826"
								       WIDTH="11"
								       HEIGHT="122"
								       GC="1.0">
								</Glyph>
								<Glyph ID="char_617" 
								       CONTENT="m"
								       HPOS="3268"
								       VPOS="1826"
								       WIDTH="0"
								       HEIGHT="122"
								       GC="1.0">
								</Glyph>
							</String>
							<SP ID="segment_212"
							    HPOS="3334" 
							    VPOS="1826"
							    WIDTH="22" 
							    HEIGHT="122"/>
							<String ID="segment_213"
								CONTENT="vorermelten" 
								HPOS="3378" 
								VPOS="1826"
								WIDTH="463" 
								HEIGHT="122" 
								WC="0.9978">
								<Glyph ID="char_619" 
								       CONTENT="v"
								       HPOS="3378"
								       VPOS="1826"
								       WIDTH="0"
								       HEIGHT="122"
								       GC="0.9765">
								</Glyph>
								<Glyph ID="char_620" 
								       CONTENT="o"
								       HPOS="3444"
								       VPOS="1826"
								       WIDTH="0"
								       HEIGHT="122"
								       GC="1.0">
								</Glyph>
								<Glyph ID="char_621" 
								       CONTENT="r"
								       HPOS="3488"
								       VPOS="1826"
								       WIDTH="11"
								       HEIGHT="122"
								       GC="1.0">
								</Glyph>
								<Glyph ID="char_622" 
								       CONTENT="e"
								       HPOS="3532"
								       VPOS="1826"
								       WIDTH="0"
								       HEIGHT="122"
								       GC="1.0">
								</Glyph>
								<Glyph ID="char_623" 
								       CONTENT="r"
								       HPOS="3565"
								       VPOS="1826"
								       WIDTH="11"
								       HEIGHT="122"
								       GC="1.0">
								</Glyph>
								<Glyph ID="char_624" 
								       CONTENT="m"
								       HPOS="3609"
								       VPOS="1826"
								       WIDTH="0"
								       HEIGHT="122"
								       GC="1.0">
								</Glyph>
								<Glyph ID="char_625" 
								       CONTENT="e"
								       HPOS="3686"
								       VPOS="1826"
								       WIDTH="11"
								       HEIGHT="122"
								       GC="1.0">
								</Glyph>
								<Glyph ID="char_626" 
								       CONTENT="l"
								       HPOS="3730"
								       VPOS="1826"
								       WIDTH="0"
								       HEIGHT="122"
								       GC="1.0">
								</Glyph>
								<Glyph ID="char_627" 
								       CONTENT="t"
								       HPOS="3752"
								       VPOS="1826"
								       WIDTH="11"
								       HEIGHT="122"
								       GC="1.0">
								</Glyph>
								<Glyph ID="char_628" 
								       CONTENT="e"
								       HPOS="3797"
								       VPOS="1826"
								       WIDTH="0"
								       HEIGHT="122"
								       GC="0.9998">
								</Glyph>
								<Glyph ID="char_629" 
								       CONTENT="n"
								       HPOS="3830"
								       VPOS="1826"
								       WIDTH="11"
								       HEIGHT="122"
								       GC="0.9998">
								</Glyph>
							</String>
							<SP ID="segment_214"
							    HPOS="3874" 
							    VPOS="1826"
							    WIDTH="22" 
							    HEIGHT="122"/>
							<String ID="segment_215"
								CONTENT="houpt-" 
								HPOS="3918" 
								VPOS="1826"
								WIDTH="242" 
								HEIGHT="122" 
								WC="0.983">
								<Glyph ID="char_631" 
								       CONTENT="h"
								       HPOS="3918"
								       VPOS="1826"
								       WIDTH="0"
								       HEIGHT="122"
								       GC="1.0">
								</Glyph>
								<Glyph ID="char_632" 
								       CONTENT="o"
								       HPOS="3984"
								       VPOS="1826"
								       WIDTH="0"
								       HEIGHT="122"
								       GC="1.0">
								</Glyph>
								<Glyph ID="char_633" 
								       CONTENT="u"
								       HPOS="4028"
								       VPOS="1826"
								       WIDTH="11"
								       HEIGHT="122"
								       GC="1.0">
								</Glyph>
								<Glyph ID="char_634" 
								       CONTENT="p"
								       HPOS="4072"
								       VPOS="1826"
								       WIDTH="11"
								       HEIGHT="122"
								       GC="1.0">
								</Glyph>
								<Glyph ID="char_635" 
								       CONTENT="t"
								       HPOS="4127"
								       VPOS="1826"
								       WIDTH="0"
								       HEIGHT="122"
								       GC="0.8979">
								</Glyph>
								<Glyph ID="char_636" 
								       CONTENT="-"
								       HPOS="4149"
								       VPOS="1826"
								       WIDTH="11"
								       HEIGHT="122"
								       GC="1.0">
								</Glyph>
							</String>
					</TextLine>
					<TextLine ID="line_15"
						  HPOS="1010"
						  VPOS="1937" 
						  WIDTH="3149" 
						  HEIGHT="127">
							<String ID="segment_216"
								CONTENT="handel" 
								HPOS="1010" 
								VPOS="1937"
								WIDTH="248" 
								HEIGHT="127" 
								WC="1.0">
								<Glyph ID="char_637" 
								       CONTENT="h"
								       HPOS="1010"
								       VPOS="1937"
								       WIDTH="0"
								       HEIGHT="127"
								       GC="1.0">
								</Glyph>
								<Glyph ID="char_638" 
								       CONTENT="a"
								       HPOS="1069"
								       VPOS="1937"
								       WIDTH="0"
								       HEIGHT="127"
								       GC="1.0">
								</Glyph>
								<Glyph ID="char_639" 
								       CONTENT="n"
								       HPOS="1116"
								       VPOS="1937"
								       WIDTH="0"
								       HEIGHT="127"
								       GC="1.0">
								</Glyph>
								<Glyph ID="char_640" 
								       CONTENT="d"
								       HPOS="1176"
								       VPOS="1937"
								       WIDTH="11"
								       HEIGHT="127"
								       GC="1.0">
								</Glyph>
								<Glyph ID="char_641" 
								       CONTENT="e"
								       HPOS="1223"
								       VPOS="1937"
								       WIDTH="0"
								       HEIGHT="127"
								       GC="1.0">
								</Glyph>
								<Glyph ID="char_642" 
								       CONTENT="l"
								       HPOS="1258"
								       VPOS="1937"
								       WIDTH="0"
								       HEIGHT="127"
								       GC="1.0">
								</Glyph>
							</String>
							<SP ID="segment_217"
							    HPOS="1282" 
							    VPOS="1937"
							    WIDTH="12" 
							    HEIGHT="127"/>
							<String ID="segment_218"
								CONTENT="nachgefragt" 
								HPOS="1318" 
								VPOS="1937"
								WIDTH="461" 
								HEIGHT="127" 
								WC="1.0">
								<Glyph ID="char_644" 
								       CONTENT="n"
								       HPOS="1318"
								       VPOS="1937"
								       WIDTH="12"
								       HEIGHT="127"
								       GC="1.0">
								</Glyph>
								<Glyph ID="char_645" 
								       CONTENT="a"
								       HPOS="1377"
								       VPOS="1937"
								       WIDTH="0"
								       HEIGHT="127"
								       GC="1.0">
								</Glyph>
								<Glyph ID="char_646" 
								       CONTENT="c"
								       HPOS="1424"
								       VPOS="1937"
								       WIDTH="0"
								       HEIGHT="127"
								       GC="1.0">
								</Glyph>
								<Glyph ID="char_647" 
								       CONTENT="h"
								       HPOS="1460"
								       VPOS="1937"
								       WIDTH="0"
								       HEIGHT="127"
								       GC="1.0">
								</Glyph>
								<Glyph ID="char_648" 
								       CONTENT="g"
								       HPOS="1531"
								       VPOS="1937"
								       WIDTH="0"
								       HEIGHT="127"
								       GC="1.0">
								</Glyph>
								<Glyph ID="char_649" 
								       CONTENT="e"
								       HPOS="1578"
								       VPOS="1937"
								       WIDTH="0"
								       HEIGHT="127"
								       GC="1.0">
								</Glyph>
								<Glyph ID="char_650" 
								       CONTENT="f"
								       HPOS="1614"
								       VPOS="1937"
								       WIDTH="11"
								       HEIGHT="127"
								       GC="1.0">
								</Glyph>
								<Glyph ID="char_651" 
								       CONTENT="r"
								       HPOS="1649"
								       VPOS="1937"
								       WIDTH="12"
								       HEIGHT="127"
								       GC="1.0">
								</Glyph>
								<Glyph ID="char_652" 
								       CONTENT="a"
								       HPOS="1685"
								       VPOS="1937"
								       WIDTH="12"
								       HEIGHT="127"
								       GC="1.0">
								</Glyph>
								<Glyph ID="char_653" 
								       CONTENT="g"
								       HPOS="1744"
								       VPOS="1937"
								       WIDTH="12"
								       HEIGHT="127"
								       GC="1.0">
								</Glyph>
								<Glyph ID="char_654" 
								       CONTENT="t"
								       HPOS="1779"
								       VPOS="1937"
								       WIDTH="0"
								       HEIGHT="127"
								       GC="0.9998">
								</Glyph>
							</String>
							<SP ID="segment_219"
							    HPOS="1803" 
							    VPOS="1937"
							    WIDTH="12" 
							    HEIGHT="127"/>
							<String ID="segment_220"
								CONTENT="hab," 
								HPOS="1839" 
								VPOS="1937"
								WIDTH="154" 
								HEIGHT="127" 
								WC="1.0">
								<Glyph ID="char_656" 
								       CONTENT="h"
								       HPOS="1839"
								       VPOS="1937"
								       WIDTH="0"
								       HEIGHT="127"
								       GC="1.0">
								</Glyph>
								<Glyph ID="char_657" 
								       CONTENT="a"
								       HPOS="1898"
								       VPOS="1937"
								       WIDTH="0"
								       HEIGHT="127"
								       GC="1.0">
								</Glyph>
								<Glyph ID="char_658" 
								       CONTENT="b"
								       HPOS="1933"
								       VPOS="1937"
								       WIDTH="0"
								       HEIGHT="127"
								       GC="1.0">
								</Glyph>
								<Glyph ID="char_659" 
								       CONTENT=","
								       HPOS="1981"
								       VPOS="1937"
								       WIDTH="12"
								       HEIGHT="127"
								       GC="1.0">
								</Glyph>
							</String>
							<SP ID="segment_221"
							    HPOS="2004" 
							    VPOS="1937"
							    WIDTH="12" 
							    HEIGHT="127"/>
							<String ID="segment_222"
								CONTENT="und" 
								HPOS="2052" 
								VPOS="1937"
								WIDTH="130" 
								HEIGHT="127" 
								WC="0.9999">
								<Glyph ID="char_661" 
								       CONTENT="u"
								       HPOS="2052"
								       VPOS="1937"
								       WIDTH="0"
								       HEIGHT="127"
								       GC="1.0">
								</Glyph>
								<Glyph ID="char_662" 
								       CONTENT="n"
								       HPOS="2099"
								       VPOS="1937"
								       WIDTH="12"
								       HEIGHT="127"
								       GC="0.9997">
								</Glyph>
								<Glyph ID="char_663" 
								       CONTENT="d"
								       HPOS="2170"
								       VPOS="1937"
								       WIDTH="12"
								       HEIGHT="127"
								       GC="1.0">
								</Glyph>
							</String>
							<SP ID="segment_223"
							    HPOS="2194" 
							    VPOS="1937"
							    WIDTH="12" 
							    HEIGHT="127"/>
							<String ID="segment_224"
								CONTENT="horen" 
								HPOS="2229" 
								VPOS="1937"
								WIDTH="190" 
								HEIGHT="127" 
								WC="0.9999">
								<Glyph ID="char_665" 
								       CONTENT="h"
								       HPOS="2229"
								       VPOS="1937"
								       WIDTH="0"
								       HEIGHT="127"
								       GC="0.9997">
								</Glyph>
								<Glyph ID="char_666" 
								       CONTENT="o"
								       HPOS="2289"
								       VPOS="1937"
								       WIDTH="11"
								       HEIGHT="127"
								       GC="1.0">
								</Glyph>
								<Glyph ID="char_667" 
								       CONTENT="r"
								       HPOS="2336"
								       VPOS="1937"
								       WIDTH="0"
								       HEIGHT="127"
								       GC="1.0">
								</Glyph>
								<Glyph ID="char_668" 
								       CONTENT="e"
								       HPOS="2371"
								       VPOS="1937"
								       WIDTH="12"
								       HEIGHT="127"
								       GC="1.0">
								</Glyph>
								<Glyph ID="char_669" 
								       CONTENT="n"
								       HPOS="2419"
								       VPOS="1937"
								       WIDTH="0"
								       HEIGHT="127"
								       GC="1.0">
								</Glyph>
							</String>
							<SP ID="segment_225"
							    HPOS="2454" 
							    VPOS="1937"
							    WIDTH="12" 
							    HEIGHT="127"/>
							<String ID="segment_226"
								CONTENT="ouch," 
								HPOS="2502" 
								VPOS="1937"
								WIDTH="189" 
								HEIGHT="127" 
								WC="0.9998">
								<Glyph ID="char_671" 
								       CONTENT="o"
								       HPOS="2502"
								       VPOS="1937"
								       WIDTH="11"
								       HEIGHT="127"
								       GC="0.9991">
								</Glyph>
								<Glyph ID="char_672" 
								       CONTENT="u"
								       HPOS="2549"
								       VPOS="1937"
								       WIDTH="12"
								       HEIGHT="127"
								       GC="1.0">
								</Glyph>
								<Glyph ID="char_673" 
								       CONTENT="c"
								       HPOS="2608"
								       VPOS="1937"
								       WIDTH="0"
								       HEIGHT="127"
								       GC="1.0">
								</Glyph>
								<Glyph ID="char_674" 
								       CONTENT="h"
								       HPOS="2644"
								       VPOS="1937"
								       WIDTH="0"
								       HEIGHT="127"
								       GC="1.0">
								</Glyph>
								<Glyph ID="char_675" 
								       CONTENT=","
								       HPOS="2691"
								       VPOS="1937"
								       WIDTH="0"
								       HEIGHT="127"
								       GC="1.0">
								</Glyph>
							</String>
							<SP ID="segment_227"
							    HPOS="2703" 
							    VPOS="1937"
							    WIDTH="24" 
							    HEIGHT="127"/>
							<String ID="segment_228"
								CONTENT="da" 
								HPOS="2762" 
								VPOS="1937"
								WIDTH="47" 
								HEIGHT="127" 
								WC="0.9975">
								<Glyph ID="char_677" 
								       CONTENT="d"
								       HPOS="2762"
								       VPOS="1937"
								       WIDTH="12"
								       HEIGHT="127"
								       GC="1.0">
								</Glyph>
								<Glyph ID="char_678" 
								       CONTENT="a"
								       HPOS="2809"
								       VPOS="1937"
								       WIDTH="0"
								       HEIGHT="127"
								       GC="0.9949">
								</Glyph>
							</String>
							<SP ID="segment_229"
							    HPOS="2892" 
							    VPOS="1937"
							    WIDTH="12" 
							    HEIGHT="127"/>
							<String ID="segment_230"
								CONTENT="des" 
								HPOS="2952" 
								VPOS="1937"
								WIDTH="82" 
								HEIGHT="127" 
								WC="1.0">
								<Glyph ID="char_680" 
								       CONTENT="d"
								       HPOS="2952"
								       VPOS="1937"
								       WIDTH="11"
								       HEIGHT="127"
								       GC="1.0">
								</Glyph>
								<Glyph ID="char_681" 
								       CONTENT="e"
								       HPOS="2999"
								       VPOS="1937"
								       WIDTH="0"
								       HEIGHT="127"
								       GC="0.9999">
								</Glyph>
								<Glyph ID="char_682" 
								       CONTENT="s"
								       HPOS="3034"
								       VPOS="1937"
								       WIDTH="0"
								       HEIGHT="127"
								       GC="1.0">
								</Glyph>
							</String>
							<SP ID="segment_231"
							    HPOS="3058" 
							    VPOS="1937"
							    WIDTH="12" 
							    HEIGHT="127"/>
							<String ID="segment_232"
								CONTENT="Paradyses" 
								HPOS="3117" 
								VPOS="1937"
								WIDTH="367" 
								HEIGHT="127" 
								WC="0.9828">
								<Glyph ID="char_684" 
								       CONTENT="P"
								       HPOS="3117"
								       VPOS="1937"
								       WIDTH="0"
								       HEIGHT="127"
								       GC="0.9983">
								</Glyph>
								<Glyph ID="char_685" 
								       CONTENT="a"
								       HPOS="3165"
								       VPOS="1937"
								       WIDTH="0"
								       HEIGHT="127"
								       GC="0.9602">
								</Glyph>
								<Glyph ID="char_686" 
								       CONTENT="r"
								       HPOS="3200"
								       VPOS="1937"
								       WIDTH="12"
								       HEIGHT="127"
								       GC="1.0">
								</Glyph>
								<Glyph ID="char_687" 
								       CONTENT="a"
								       HPOS="3236"
								       VPOS="1937"
								       WIDTH="12"
								       HEIGHT="127"
								       GC="1.0">
								</Glyph>
								<Glyph ID="char_688" 
								       CONTENT="d"
								       HPOS="3295"
								       VPOS="1937"
								       WIDTH="12"
								       HEIGHT="127"
								       GC="1.0">
								</Glyph>
								<Glyph ID="char_689" 
								       CONTENT="y"
								       HPOS="3330"
								       VPOS="1937"
								       WIDTH="0"
								       HEIGHT="127"
								       GC="0.9997">
								</Glyph>
								<Glyph ID="char_690" 
								       CONTENT="s"
								       HPOS="3390"
								       VPOS="1937"
								       WIDTH="0"
								       HEIGHT="127"
								       GC="1.0">
								</Glyph>
								<Glyph ID="char_691" 
								       CONTENT="e"
								       HPOS="3437"
								       VPOS="1937"
								       WIDTH="0"
								       HEIGHT="127"
								       GC="0.8874">
								</Glyph>
								<Glyph ID="char_692" 
								       CONTENT="s"
								       HPOS="3472"
								       VPOS="1937"
								       WIDTH="12"
								       HEIGHT="127"
								       GC="1.0">
								</Glyph>
							</String>
							<SP ID="segment_233"
							    HPOS="3496" 
							    VPOS="1937"
							    WIDTH="12" 
							    HEIGHT="127"/>
							<String ID="segment_234"
								CONTENT="handels" 
								HPOS="3544" 
								VPOS="1937"
								WIDTH="284" 
								HEIGHT="127" 
								WC="0.9955">
								<Glyph ID="char_694" 
								       CONTENT="h"
								       HPOS="3544"
								       VPOS="1937"
								       WIDTH="0"
								       HEIGHT="127"
								       GC="1.0">
								</Glyph>
								<Glyph ID="char_695" 
								       CONTENT="a"
								       HPOS="3603"
								       VPOS="1937"
								       WIDTH="0"
								       HEIGHT="127"
								       GC="1.0">
								</Glyph>
								<Glyph ID="char_696" 
								       CONTENT="n"
								       HPOS="3638"
								       VPOS="1937"
								       WIDTH="12"
								       HEIGHT="127"
								       GC="1.0">
								</Glyph>
								<Glyph ID="char_697" 
								       CONTENT="d"
								       HPOS="3709"
								       VPOS="1937"
								       WIDTH="12"
								       HEIGHT="127"
								       GC="1.0">
								</Glyph>
								<Glyph ID="char_698" 
								       CONTENT="e"
								       HPOS="3757"
								       VPOS="1937"
								       WIDTH="0"
								       HEIGHT="127"
								       GC="1.0">
								</Glyph>
								<Glyph ID="char_699" 
								       CONTENT="l"
								       HPOS="3792"
								       VPOS="1937"
								       WIDTH="0"
								       HEIGHT="127"
								       GC="1.0">
								</Glyph>
								<Glyph ID="char_700" 
								       CONTENT="s"
								       HPOS="3828"
								       VPOS="1937"
								       WIDTH="0"
								       HEIGHT="127"
								       GC="0.9685">
								</Glyph>
							</String>
							<SP ID="segment_235"
							    HPOS="3851" 
							    VPOS="1937"
							    WIDTH="12" 
							    HEIGHT="127"/>
							<String ID="segment_236"
								CONTENT="nitt" 
								HPOS="3887" 
								VPOS="1937"
								WIDTH="106" 
								HEIGHT="127" 
								WC="0.9943">
								<Glyph ID="char_702" 
								       CONTENT="n"
								       HPOS="3887"
								       VPOS="1937"
								       WIDTH="12"
								       HEIGHT="127"
								       GC="0.9983">
								</Glyph>
								<Glyph ID="char_703" 
								       CONTENT="i"
								       HPOS="3934"
								       VPOS="1937"
								       WIDTH="12"
								       HEIGHT="127"
								       GC="0.9849">
								</Glyph>
								<Glyph ID="char_704" 
								       CONTENT="t"
								       HPOS="3970"
								       VPOS="1937"
								       WIDTH="0"
								       HEIGHT="127"
								       GC="0.9997">
								</Glyph>
								<Glyph ID="char_705" 
								       CONTENT="t"
								       HPOS="3993"
								       VPOS="1937"
								       WIDTH="0"
								       HEIGHT="127"
								       GC="0.9944">
								</Glyph>
							</String>
							<SP ID="segment_237"
							    HPOS="4017" 
							    VPOS="1937"
							    WIDTH="12" 
							    HEIGHT="127"/>
							<String ID="segment_238"
								CONTENT="vyl" 
								HPOS="4053" 
								VPOS="1937"
								WIDTH="106" 
								HEIGHT="127" 
								WC="0.9997">
								<Glyph ID="char_707" 
								       CONTENT="v"
								       HPOS="4053"
								       VPOS="1937"
								       WIDTH="0"
								       HEIGHT="127"
								       GC="1.0">
								</Glyph>
								<Glyph ID="char_708" 
								       CONTENT="y"
								       HPOS="4100"
								       VPOS="1937"
								       WIDTH="12"
								       HEIGHT="127"
								       GC="1.0">
								</Glyph>
								<Glyph ID="char_709" 
								       CONTENT="l"
								       HPOS="4159"
								       VPOS="1937"
								       WIDTH="0"
								       HEIGHT="127"
								       GC="0.9992">
								</Glyph>
							</String>
					</TextLine>
					<TextLine ID="line_16"
						  HPOS="1021"
						  VPOS="2051" 
						  WIDTH="3124" 
						  HEIGHT="118">
							<String ID="segment_239"
								CONTENT="gedacht" 
								HPOS="1021" 
								VPOS="2051"
								WIDTH="288" 
								HEIGHT="118" 
								WC="0.9319">
								<Glyph ID="char_710" 
								       CONTENT="g"
								       HPOS="1021"
								       VPOS="2051"
								       WIDTH="12"
								       HEIGHT="118"
								       GC="1.0">
								</Glyph>
								<Glyph ID="char_711" 
								       CONTENT="e"
								       HPOS="1079"
								       VPOS="2051"
								       WIDTH="0"
								       HEIGHT="118"
								       GC="1.0">
								</Glyph>
								<Glyph ID="char_712" 
								       CONTENT="d"
								       HPOS="1125"
								       VPOS="2051"
								       WIDTH="11"
								       HEIGHT="118"
								       GC="1.0">
								</Glyph>
								<Glyph ID="char_713" 
								       CONTENT="a"
								       HPOS="1159"
								       VPOS="2051"
								       WIDTH="12"
								       HEIGHT="118"
								       GC="1.0">
								</Glyph>
								<Glyph ID="char_714" 
								       CONTENT="c"
								       HPOS="1217"
								       VPOS="2051"
								       WIDTH="0"
								       HEIGHT="118"
								       GC="1.0">
								</Glyph>
								<Glyph ID="char_715" 
								       CONTENT="h"
								       HPOS="1252"
								       VPOS="2051"
								       WIDTH="0"
								       HEIGHT="118"
								       GC="1.0">
								</Glyph>
								<Glyph ID="char_716" 
								       CONTENT="t"
								       HPOS="1309"
								       VPOS="2051"
								       WIDTH="0"
								       HEIGHT="118"
								       GC="0.5232">
								</Glyph>
							</String>
							<SP ID="segment_240"
							    HPOS="1332" 
							    VPOS="2051"
							    WIDTH="23" 
							    HEIGHT="118"/>
							<String ID="segment_241"
								CONTENT="sye&#39;" 
								HPOS="1379" 
								VPOS="2051"
								WIDTH="172" 
								HEIGHT="118" 
								WC="0.9415">
								<Glyph ID="char_718" 
								       CONTENT="s"
								       HPOS="1379"
								       VPOS="2051"
								       WIDTH="11"
								       HEIGHT="118"
								       GC="1.0">
								</Glyph>
								<Glyph ID="char_719" 
								       CONTENT="y"
								       HPOS="1413"
								       VPOS="2051"
								       WIDTH="12"
								       HEIGHT="118"
								       GC="1.0">
								</Glyph>
								<Glyph ID="char_720" 
								       CONTENT="e"
								       HPOS="1482"
								       VPOS="2051"
								       WIDTH="0"
								       HEIGHT="118"
								       GC="0.766">
								</Glyph>
								<Glyph ID="char_721" 
								       CONTENT="&#39;"
								       HPOS="1540"
								       VPOS="2051"
								       WIDTH="11"
								       HEIGHT="118"
								       GC="1.0">
								</Glyph>
							</String>
							<SP ID="segment_242"
							    HPOS="1574" 
							    VPOS="2051"
							    WIDTH="12" 
							    HEIGHT="118"/>
							<String ID="segment_243"
								CONTENT="So" 
								HPOS="1632" 
								VPOS="2051"
								WIDTH="58" 
								HEIGHT="118" 
								WC="1.0">
								<Glyph ID="char_723" 
								       CONTENT="S"
								       HPOS="1632"
								       VPOS="2051"
								       WIDTH="12"
								       HEIGHT="118"
								       GC="1.0">
								</Glyph>
								<Glyph ID="char_724" 
								       CONTENT="o"
								       HPOS="1690"
								       VPOS="2051"
								       WIDTH="0"
								       HEIGHT="118"
								       GC="1.0">
								</Glyph>
							</String>
							<SP ID="segment_244"
							    HPOS="1724" 
							    VPOS="2051"
							    WIDTH="23" 
							    HEIGHT="118"/>
							<String ID="segment_245"
								CONTENT="ist" 
								HPOS="1770" 
								VPOS="2051"
								WIDTH="81" 
								HEIGHT="118" 
								WC="0.9843">
								<Glyph ID="char_726" 
								       CONTENT="i"
								       HPOS="1770"
								       VPOS="2051"
								       WIDTH="12"
								       HEIGHT="118"
								       GC="1.0">
								</Glyph>
								<Glyph ID="char_727" 
								       CONTENT="s"
								       HPOS="1805"
								       VPOS="2051"
								       WIDTH="12"
								       HEIGHT="118"
								       GC="0.9529">
								</Glyph>
								<Glyph ID="char_728" 
								       CONTENT="t"
								       HPOS="1840"
								       VPOS="2051"
								       WIDTH="11"
								       HEIGHT="118"
								       GC="1.0">
								</Glyph>
							</String>
							<SP ID="segment_246"
							    HPOS="1874" 
							    VPOS="2051"
							    WIDTH="12" 
							    HEIGHT="118"/>
							<String ID="segment_247"
								CONTENT="der" 
								HPOS="1943" 
								VPOS="2051"
								WIDTH="81" 
								HEIGHT="118" 
								WC="0.9999">
								<Glyph ID="char_730" 
								       CONTENT="d"
								       HPOS="1943"
								       VPOS="2051"
								       WIDTH="0"
								       HEIGHT="118"
								       GC="0.9998">
								</Glyph>
								<Glyph ID="char_731" 
								       CONTENT="e"
								       HPOS="1978"
								       VPOS="2051"
								       WIDTH="12"
								       HEIGHT="118"
								       GC="1.0">
								</Glyph>
								<Glyph ID="char_732" 
								       CONTENT="r"
								       HPOS="2024"
								       VPOS="2051"
								       WIDTH="0"
								       HEIGHT="118"
								       GC="1.0">
								</Glyph>
							</String>
							<SP ID="segment_248"
							    HPOS="2047" 
							    VPOS="2051"
							    WIDTH="23" 
							    HEIGHT="118"/>
							<String ID="segment_249"
								CONTENT="Franzo" 
								HPOS="2116" 
								VPOS="2051"
								WIDTH="231" 
								HEIGHT="118" 
								WC="1.0">
								<Glyph ID="char_734" 
								       CONTENT="F"
								       HPOS="2116"
								       VPOS="2051"
								       WIDTH="0"
								       HEIGHT="118"
								       GC="1.0">
								</Glyph>
								<Glyph ID="char_735" 
								       CONTENT="r"
								       HPOS="2162"
								       VPOS="2051"
								       WIDTH="0"
								       HEIGHT="118"
								       GC="1.0">
								</Glyph>
								<Glyph ID="char_736" 
								       CONTENT="a"
								       HPOS="2197"
								       VPOS="2051"
								       WIDTH="0"
								       HEIGHT="118"
								       GC="1.0">
								</Glyph>
								<Glyph ID="char_737" 
								       CONTENT="n"
								       HPOS="2232"
								       VPOS="2051"
								       WIDTH="11"
								       HEIGHT="118"
								       GC="1.0">
								</Glyph>
								<Glyph ID="char_738" 
								       CONTENT="z"
								       HPOS="2289"
								       VPOS="2051"
								       WIDTH="12"
								       HEIGHT="118"
								       GC="1.0">
								</Glyph>
								<Glyph ID="char_739" 
								       CONTENT="o"
								       HPOS="2347"
								       VPOS="2051"
								       WIDTH="0"
								       HEIGHT="118"
								       GC="1.0">
								</Glyph>
							</String>
							<SP ID="segment_250"
							    HPOS="2428" 
							    VPOS="2051"
							    WIDTH="23" 
							    HEIGHT="118"/>
							<String ID="segment_251"
								CONTENT="frkummen;" 
								HPOS="2485" 
								VPOS="2051"
								WIDTH="473" 
								HEIGHT="118" 
								WC="0.9994">
								<Glyph ID="char_741" 
								       CONTENT="f"
								       HPOS="2485"
								       VPOS="2051"
								       WIDTH="0"
								       HEIGHT="118"
								       GC="1.0">
								</Glyph>
								<Glyph ID="char_742" 
								       CONTENT="r"
								       HPOS="2566"
								       VPOS="2051"
								       WIDTH="0"
								       HEIGHT="118"
								       GC="1.0">
								</Glyph>
								<Glyph ID="char_743" 
								       CONTENT="k"
								       HPOS="2601"
								       VPOS="2051"
								       WIDTH="0"
								       HEIGHT="118"
								       GC="1.0">
								</Glyph>
								<Glyph ID="char_744" 
								       CONTENT="u"
								       HPOS="2658"
								       VPOS="2051"
								       WIDTH="0"
								       HEIGHT="118"
								       GC="1.0">
								</Glyph>
								<Glyph ID="char_745" 
								       CONTENT="m"
								       HPOS="2704"
								       VPOS="2051"
								       WIDTH="0"
								       HEIGHT="118"
								       GC="1.0">
								</Glyph>
								<Glyph ID="char_746" 
								       CONTENT="m"
								       HPOS="2785"
								       VPOS="2051"
								       WIDTH="0"
								       HEIGHT="118"
								       GC="0.9981">
								</Glyph>
								<Glyph ID="char_747" 
								       CONTENT="e"
								       HPOS="2877"
								       VPOS="2051"
								       WIDTH="0"
								       HEIGHT="118"
								       GC="1.0">
								</Glyph>
								<Glyph ID="char_748" 
								       CONTENT="n"
								       HPOS="2912"
								       VPOS="2051"
								       WIDTH="0"
								       HEIGHT="118"
								       GC="1.0">
								</Glyph>
								<Glyph ID="char_749" 
								       CONTENT=";"
								       HPOS="2958"
								       VPOS="2051"
								       WIDTH="0"
								       HEIGHT="118"
								       GC="0.9968">
								</Glyph>
							</String>
							<SP ID="segment_252"
							    HPOS="2981" 
							    VPOS="2051"
							    WIDTH="23" 
							    HEIGHT="118"/>
							<String ID="segment_253"
								CONTENT="dann" 
								HPOS="3050" 
								VPOS="2051"
								WIDTH="138" 
								HEIGHT="118" 
								WC="0.9947">
								<Glyph ID="char_751" 
								       CONTENT="d"
								       HPOS="3050"
								       VPOS="2051"
								       WIDTH="12"
								       HEIGHT="118"
								       GC="0.9872">
								</Glyph>
								<Glyph ID="char_752" 
								       CONTENT="a"
								       HPOS="3085"
								       VPOS="2051"
								       WIDTH="11"
								       HEIGHT="118"
								       GC="0.9928">
								</Glyph>
								<Glyph ID="char_753" 
								       CONTENT="n"
								       HPOS="3131"
								       VPOS="2051"
								       WIDTH="11"
								       HEIGHT="118"
								       GC="0.9989">
								</Glyph>
								<Glyph ID="char_754" 
								       CONTENT="n"
								       HPOS="3188"
								       VPOS="2051"
								       WIDTH="0"
								       HEIGHT="118"
								       GC="1.0">
								</Glyph>
							</String>
							<SP ID="segment_254"
							    HPOS="3223" 
							    VPOS="2051"
							    WIDTH="23" 
							    HEIGHT="118"/>
							<String ID="segment_255"
								CONTENT="der" 
								HPOS="3292" 
								VPOS="2051"
								WIDTH="92" 
								HEIGHT="118" 
								WC="0.9998">
								<Glyph ID="char_756" 
								       CONTENT="d"
								       HPOS="3292"
								       VPOS="2051"
								       WIDTH="12"
								       HEIGHT="118"
								       GC="1.0">
								</Glyph>
								<Glyph ID="char_757" 
								       CONTENT="e"
								       HPOS="3338"
								       VPOS="2051"
								       WIDTH="12"
								       HEIGHT="118"
								       GC="1.0">
								</Glyph>
								<Glyph ID="char_758" 
								       CONTENT="r"
								       HPOS="3373"
								       VPOS="2051"
								       WIDTH="11"
								       HEIGHT="118"
								       GC="0.9996">
								</Glyph>
							</String>
							<SP ID="segment_256"
							    HPOS="3407" 
							    VPOS="2051"
							    WIDTH="24" 
							    HEIGHT="118"/>
							<String ID="segment_257"
								CONTENT="knig" 
								HPOS="3454" 
								VPOS="2051"
								WIDTH="207" 
								HEIGHT="118" 
								WC="0.9618">
								<Glyph ID="char_760" 
								       CONTENT="k"
								       HPOS="3454"
								       VPOS="2051"
								       WIDTH="0"
								       HEIGHT="118"
								       GC="0.8471">
								</Glyph>
								<Glyph ID="char_761" 
								       CONTENT="n"
								       HPOS="3557"
								       VPOS="2051"
								       WIDTH="12"
								       HEIGHT="118"
								       GC="1.0">
								</Glyph>
								<Glyph ID="char_762" 
								       CONTENT="i"
								       HPOS="3603"
								       VPOS="2051"
								       WIDTH="12"
								       HEIGHT="118"
								       GC="1.0">
								</Glyph>
								<Glyph ID="char_763" 
								       CONTENT="g"
								       HPOS="3650"
								       VPOS="2051"
								       WIDTH="11"
								       HEIGHT="118"
								       GC="1.0">
								</Glyph>
							</String>
							<SP ID="segment_258"
							    HPOS="3684" 
							    VPOS="2051"
							    WIDTH="23" 
							    HEIGHT="118"/>
							<String ID="segment_259"
								CONTENT="den" 
								HPOS="3753" 
								VPOS="2051"
								WIDTH="93" 
								HEIGHT="118" 
								WC="1.0">
								<Glyph ID="char_765" 
								       CONTENT="d"
								       HPOS="3753"
								       VPOS="2051"
								       WIDTH="12"
								       HEIGHT="118"
								       GC="1.0">
								</Glyph>
								<Glyph ID="char_766" 
								       CONTENT="e"
								       HPOS="3799"
								       VPOS="2051"
								       WIDTH="0"
								       HEIGHT="118"
								       GC="1.0">
								</Glyph>
								<Glyph ID="char_767" 
								       CONTENT="n"
								       HPOS="3834"
								       VPOS="2051"
								       WIDTH="12"
								       HEIGHT="118"
								       GC="1.0">
								</Glyph>
							</String>
							<SP ID="segment_260"
							    HPOS="3880" 
							    VPOS="2051"
							    WIDTH="23" 
							    HEIGHT="118"/>
							<String ID="segment_261"
								CONTENT="herren" 
								HPOS="3926" 
								VPOS="2051"
								WIDTH="219" 
								HEIGHT="118" 
								WC="0.9353">
								<Glyph ID="char_769" 
								       CONTENT="h"
								       HPOS="3926"
								       VPOS="2051"
								       WIDTH="0"
								       HEIGHT="118"
								       GC="1.0">
								</Glyph>
								<Glyph ID="char_770" 
								       CONTENT="e"
								       HPOS="3995"
								       VPOS="2051"
								       WIDTH="0"
								       HEIGHT="118"
								       GC="0.9999">
								</Glyph>
								<Glyph ID="char_771" 
								       CONTENT="r"
								       HPOS="4030"
								       VPOS="2051"
								       WIDTH="0"
								       HEIGHT="118"
								       GC="1.0">
								</Glyph>
								<Glyph ID="char_772" 
								       CONTENT="r"
								       HPOS="4065"
								       VPOS="2051"
								       WIDTH="11"
								       HEIGHT="118"
								       GC="0.9995">
								</Glyph>
								<Glyph ID="char_773" 
								       CONTENT="e"
								       HPOS="4111"
								       VPOS="2051"
								       WIDTH="0"
								       HEIGHT="118"
								       GC="0.6137">
								</Glyph>
								<Glyph ID="char_774" 
								       CONTENT="n"
								       HPOS="4145"
								       VPOS="2051"
								       WIDTH="0"
								       HEIGHT="118"
								       GC="0.9987">
								</Glyph>
							</String>
					</TextLine>
					<TextLine ID="line_17"
						  HPOS="1030"
						  VPOS="2163" 
						  WIDTH="3135" 
						  HEIGHT="120">
							<String ID="segment_262"
								CONTENT="Bellievre" 
								HPOS="1030" 
								VPOS="2163"
								WIDTH="334" 
								HEIGHT="120" 
								WC="1.0">
								<Glyph ID="char_775" 
								       CONTENT="B"
								       HPOS="1030"
								       VPOS="2163"
								       WIDTH="11"
								       HEIGHT="120"
								       GC="1.0">
								</Glyph>
								<Glyph ID="char_776" 
								       CONTENT="e"
								       HPOS="1087"
								       VPOS="2163"
								       WIDTH="12"
								       HEIGHT="120"
								       GC="1.0">
								</Glyph>
								<Glyph ID="char_777" 
								       CONTENT="l"
								       HPOS="1122"
								       VPOS="2163"
								       WIDTH="12"
								       HEIGHT="120"
								       GC="0.9999">
								</Glyph>
								<Glyph ID="char_778" 
								       CONTENT="l"
								       HPOS="1157"
								       VPOS="2163"
								       WIDTH="0"
								       HEIGHT="120"
								       GC="1.0">
								</Glyph>
								<Glyph ID="char_779" 
								       CONTENT="i"
								       HPOS="1180"
								       VPOS="2163"
								       WIDTH="11"
								       HEIGHT="120"
								       GC="1.0">
								</Glyph>
								<Glyph ID="char_780" 
								       CONTENT="e"
								       HPOS="1226"
								       VPOS="2163"
								       WIDTH="0"
								       HEIGHT="120"
								       GC="1.0">
								</Glyph>
								<Glyph ID="char_781" 
								       CONTENT="v"
								       HPOS="1260"
								       VPOS="2163"
								       WIDTH="0"
								       HEIGHT="120"
								       GC="1.0">
								</Glyph>
								<Glyph ID="char_782" 
								       CONTENT="r"
								       HPOS="1318"
								       VPOS="2163"
								       WIDTH="0"
								       HEIGHT="120"
								       GC="1.0">
								</Glyph>
								<Glyph ID="char_783" 
								       CONTENT="e"
								       HPOS="1353"
								       VPOS="2163"
								       WIDTH="11"
								       HEIGHT="120"
								       GC="1.0">
								</Glyph>
							</String>
							<SP ID="segment_263"
							    HPOS="1376" 
							    VPOS="2163"
							    WIDTH="23" 
							    HEIGHT="120"/>
							<String ID="segment_264"
								CONTENT="heruB" 
								HPOS="1422" 
								VPOS="2163"
								WIDTH="207" 
								HEIGHT="120" 
								WC="1.0">
								<Glyph ID="char_785" 
								       CONTENT="h"
								       HPOS="1422"
								       VPOS="2163"
								       WIDTH="11"
								       HEIGHT="120"
								       GC="1.0">
								</Glyph>
								<Glyph ID="char_786" 
								       CONTENT="e"
								       HPOS="1491"
								       VPOS="2163"
								       WIDTH="0"
								       HEIGHT="120"
								       GC="1.0">
								</Glyph>
								<Glyph ID="char_787" 
								       CONTENT="r"
								       HPOS="1525"
								       VPOS="2163"
								       WIDTH="12"
								       HEIGHT="120"
								       GC="1.0">
								</Glyph>
								<Glyph ID="char_788" 
								       CONTENT="u"
								       HPOS="1560"
								       VPOS="2163"
								       WIDTH="12"
								       HEIGHT="120"
								       GC="1.0">
								</Glyph>
								<Glyph ID="char_789" 
								       CONTENT="B"
								       HPOS="1629"
								       VPOS="2163"
								       WIDTH="0"
								       HEIGHT="120"
								       GC="1.0">
								</Glyph>
							</String>
							<SP ID="segment_265"
							    HPOS="1652" 
							    VPOS="2163"
							    WIDTH="23" 
							    HEIGHT="120"/>
							<String ID="segment_266"
								CONTENT="geschickt," 
								HPOS="1710" 
								VPOS="2163"
								WIDTH="380" 
								HEIGHT="120" 
								WC="1.0">
								<Glyph ID="char_791" 
								       CONTENT="g"
								       HPOS="1710"
								       VPOS="2163"
								       WIDTH="11"
								       HEIGHT="120"
								       GC="1.0">
								</Glyph>
								<Glyph ID="char_792" 
								       CONTENT="e"
								       HPOS="1756"
								       VPOS="2163"
								       WIDTH="11"
								       HEIGHT="120"
								       GC="1.0">
								</Glyph>
								<Glyph ID="char_793" 
								       CONTENT="s"
								       HPOS="1802"
								       VPOS="2163"
								       WIDTH="0"
								       HEIGHT="120"
								       GC="1.0">
								</Glyph>
								<Glyph ID="char_794" 
								       CONTENT="c"
								       HPOS="1848"
								       VPOS="2163"
								       WIDTH="0"
								       HEIGHT="120"
								       GC="1.0">
								</Glyph>
								<Glyph ID="char_795" 
								       CONTENT="h"
								       HPOS="1883"
								       VPOS="2163"
								       WIDTH="0"
								       HEIGHT="120"
								       GC="1.0">
								</Glyph>
								<Glyph ID="char_796" 
								       CONTENT="i"
								       HPOS="1929"
								       VPOS="2163"
								       WIDTH="11"
								       HEIGHT="120"
								       GC="1.0">
								</Glyph>
								<Glyph ID="char_797" 
								       CONTENT="c"
								       HPOS="1975"
								       VPOS="2163"
								       WIDTH="0"
								       HEIGHT="120"
								       GC="1.0">
								</Glyph>
								<Glyph ID="char_798" 
								       CONTENT="k"
								       HPOS="2010"
								       VPOS="2163"
								       WIDTH="0"
								       HEIGHT="120"
								       GC="1.0">
								</Glyph>
								<Glyph ID="char_799" 
								       CONTENT="t"
								       HPOS="2056"
								       VPOS="2163"
								       WIDTH="11"
								       HEIGHT="120"
								       GC="1.0">
								</Glyph>
								<Glyph ID="char_800" 
								       CONTENT=","
								       HPOS="2090"
								       VPOS="2163"
								       WIDTH="0"
								       HEIGHT="120"
								       GC="1.0">
								</Glyph>
							</String>
							<SP ID="segment_267"
							    HPOS="2102" 
							    VPOS="2163"
							    WIDTH="23" 
							    HEIGHT="120"/>
							<String ID="segment_268"
								CONTENT="den" 
								HPOS="2171" 
								VPOS="2163"
								WIDTH="81" 
								HEIGHT="120" 
								WC="0.9988">
								<Glyph ID="char_802" 
								       CONTENT="d"
								       HPOS="2171"
								       VPOS="2163"
								       WIDTH="11"
								       HEIGHT="120"
								       GC="1.0">
								</Glyph>
								<Glyph ID="char_803" 
								       CONTENT="e"
								       HPOS="2217"
								       VPOS="2163"
								       WIDTH="0"
								       HEIGHT="120"
								       GC="1.0">
								</Glyph>
								<Glyph ID="char_804" 
								       CONTENT="n"
								       HPOS="2252"
								       VPOS="2163"
								       WIDTH="0"
								       HEIGHT="120"
								       GC="0.9963">
								</Glyph>
							</String>
							<SP ID="segment_269"
							    HPOS="2286" 
							    VPOS="2163"
							    WIDTH="23" 
							    HEIGHT="120"/>
							<String ID="segment_270"
								CONTENT="kbnig" 
								HPOS="2332" 
								VPOS="2163"
								WIDTH="208" 
								HEIGHT="120" 
								WC="1.0">
								<Glyph ID="char_806" 
								       CONTENT="k"
								       HPOS="2332"
								       VPOS="2163"
								       WIDTH="0"
								       HEIGHT="120"
								       GC="1.0">
								</Glyph>
								<Glyph ID="char_807" 
								       CONTENT="b"
								       HPOS="2390"
								       VPOS="2163"
								       WIDTH="0"
								       HEIGHT="120"
								       GC="1.0">
								</Glyph>
								<Glyph ID="char_808" 
								       CONTENT="n"
								       HPOS="2436"
								       VPOS="2163"
								       WIDTH="12"
								       HEIGHT="120"
								       GC="1.0">
								</Glyph>
								<Glyph ID="char_809" 
								       CONTENT="i"
								       HPOS="2482"
								       VPOS="2163"
								       WIDTH="12"
								       HEIGHT="120"
								       GC="1.0">
								</Glyph>
								<Glyph ID="char_810" 
								       CONTENT="g"
								       HPOS="2528"
								       VPOS="2163"
								       WIDTH="12"
								       HEIGHT="120"
								       GC="1.0">
								</Glyph>
							</String>
							<SP ID="segment_271"
							    HPOS="2563" 
							    VPOS="2163"
							    WIDTH="11" 
							    HEIGHT="120"/>
							<String ID="segment_272"
								CONTENT="zi" 
								HPOS="2609" 
								VPOS="2163"
								WIDTH="46" 
								HEIGHT="120" 
								WC="1.0">
								<Glyph ID="char_812" 
								       CONTENT="z"
								       HPOS="2609"
								       VPOS="2163"
								       WIDTH="11"
								       HEIGHT="120"
								       GC="1.0">
								</Glyph>
								<Glyph ID="char_813" 
								       CONTENT="i"
								       HPOS="2655"
								       VPOS="2163"
								       WIDTH="0"
								       HEIGHT="120"
								       GC="1.0">
								</Glyph>
							</String>
							<SP ID="segment_273"
							    HPOS="2690" 
							    VPOS="2163"
							    WIDTH="23" 
							    HEIGHT="120"/>
							<String ID="segment_274"
								CONTENT="schonen" 
								HPOS="2736" 
								VPOS="2163"
								WIDTH="299" 
								HEIGHT="120" 
								WC="0.9933">
								<Glyph ID="char_815" 
								       CONTENT="s"
								       HPOS="2736"
								       VPOS="2163"
								       WIDTH="11"
								       HEIGHT="120"
								       GC="1.0">
								</Glyph>
								<Glyph ID="char_816" 
								       CONTENT="c"
								       HPOS="2782"
								       VPOS="2163"
								       WIDTH="11"
								       HEIGHT="120"
								       GC="1.0">
								</Glyph>
								<Glyph ID="char_817" 
								       CONTENT="h"
								       HPOS="2816"
								       VPOS="2163"
								       WIDTH="12"
								       HEIGHT="120"
								       GC="0.9999">
								</Glyph>
								<Glyph ID="char_818" 
								       CONTENT="o"
								       HPOS="2885"
								       VPOS="2163"
								       WIDTH="0"
								       HEIGHT="120"
								       GC="0.9958">
								</Glyph>
								<Glyph ID="char_819" 
								       CONTENT="n"
								       HPOS="2932"
								       VPOS="2163"
								       WIDTH="0"
								       HEIGHT="120"
								       GC="0.9625">
								</Glyph>
								<Glyph ID="char_820" 
								       CONTENT="e"
								       HPOS="2989"
								       VPOS="2163"
								       WIDTH="0"
								       HEIGHT="120"
								       GC="0.9948">
								</Glyph>
								<Glyph ID="char_821" 
								       CONTENT="n"
								       HPOS="3024"
								       VPOS="2163"
								       WIDTH="11"
								       HEIGHT="120"
								       GC="1.0">
								</Glyph>
							</String>
							<SP ID="segment_275"
							    HPOS="3070" 
							    VPOS="2163"
							    WIDTH="11" 
							    HEIGHT="120"/>
							<String ID="segment_276"
								CONTENT="von" 
								HPOS="3104" 
								VPOS="2163"
								WIDTH="116" 
								HEIGHT="120" 
								WC="0.917">
								<Glyph ID="char_823" 
								       CONTENT="v"
								       HPOS="3104"
								       VPOS="2163"
								       WIDTH="0"
								       HEIGHT="120"
								       GC="0.8457">
								</Glyph>
								<Glyph ID="char_824" 
								       CONTENT="o"
								       HPOS="3174"
								       VPOS="2163"
								       WIDTH="0"
								       HEIGHT="120"
								       GC="0.9069">
								</Glyph>
								<Glyph ID="char_825" 
								       CONTENT="n"
								       HPOS="3220"
								       VPOS="2163"
								       WIDTH="0"
								       HEIGHT="120"
								       GC="0.9985">
								</Glyph>
							</String>
							<SP ID="segment_277"
							    HPOS="3254" 
							    VPOS="2163"
							    WIDTH="23" 
							    HEIGHT="120"/>
							<String ID="segment_278"
								CONTENT="sines" 
								HPOS="3300" 
								VPOS="2163"
								WIDTH="173" 
								HEIGHT="120" 
								WC="0.9999">
								<Glyph ID="char_827" 
								       CONTENT="s"
								       HPOS="3300"
								       VPOS="2163"
								       WIDTH="12"
								       HEIGHT="120"
								       GC="1.0">
								</Glyph>
								<Glyph ID="char_828" 
								       CONTENT="i"
								       HPOS="3335"
								       VPOS="2163"
								       WIDTH="12"
								       HEIGHT="120"
								       GC="1.0">
								</Glyph>
								<Glyph ID="char_829" 
								       CONTENT="n"
								       HPOS="3370"
								       VPOS="2163"
								       WIDTH="11"
								       HEIGHT="120"
								       GC="1.0">
								</Glyph>
								<Glyph ID="char_830" 
								       CONTENT="e"
								       HPOS="3427"
								       VPOS="2163"
								       WIDTH="12"
								       HEIGHT="120"
								       GC="1.0">
								</Glyph>
								<Glyph ID="char_831" 
								       CONTENT="s"
								       HPOS="3473"
								       VPOS="2163"
								       WIDTH="0"
								       HEIGHT="120"
								       GC="0.9997">
								</Glyph>
							</String>
							<SP ID="segment_279"
							    HPOS="3496" 
							    VPOS="2163"
							    WIDTH="12" 
							    HEIGHT="120"/>
							<String ID="segment_280"
								CONTENT="mordts" 
								HPOS="3542" 
								VPOS="2163"
								WIDTH="254" 
								HEIGHT="120" 
								WC="0.9876">
								<Glyph ID="char_833" 
								       CONTENT="m"
								       HPOS="3542"
								       VPOS="2163"
								       WIDTH="0"
								       HEIGHT="120"
								       GC="1.0">
								</Glyph>
								<Glyph ID="char_834" 
								       CONTENT="o"
								       HPOS="3635"
								       VPOS="2163"
								       WIDTH="0"
								       HEIGHT="120"
								       GC="0.9992">
								</Glyph>
								<Glyph ID="char_835" 
								       CONTENT="r"
								       HPOS="3669"
								       VPOS="2163"
								       WIDTH="12"
								       HEIGHT="120"
								       GC="1.0">
								</Glyph>
								<Glyph ID="char_836" 
								       CONTENT="d"
								       HPOS="3727"
								       VPOS="2163"
								       WIDTH="0"
								       HEIGHT="120"
								       GC="0.9319">
								</Glyph>
								<Glyph ID="char_837" 
								       CONTENT="t"
								       HPOS="3761"
								       VPOS="2163"
								       WIDTH="0"
								       HEIGHT="120"
								       GC="0.9944">
								</Glyph>
								<Glyph ID="char_838" 
								       CONTENT="s"
								       HPOS="3796"
								       VPOS="2163"
								       WIDTH="0"
								       HEIGHT="120"
								       GC="1.0">
								</Glyph>
							</String>
							<SP ID="segment_281"
							    HPOS="3819" 
							    VPOS="2163"
							    WIDTH="23" 
							    HEIGHT="120"/>
							<String ID="segment_282"
								CONTENT="wigen&#39;;" 
								HPOS="3865" 
								VPOS="2163"
								WIDTH="300" 
								HEIGHT="120" 
								WC="0.9982">
								<Glyph ID="char_840" 
								       CONTENT="w"
								       HPOS="3865"
								       VPOS="2163"
								       WIDTH="0"
								       HEIGHT="120"
								       GC="0.9881">
								</Glyph>
								<Glyph ID="char_841" 
								       CONTENT="i"
								       HPOS="3957"
								       VPOS="2163"
								       WIDTH="0"
								       HEIGHT="120"
								       GC="1.0">
								</Glyph>
								<Glyph ID="char_842" 
								       CONTENT="g"
								       HPOS="3992"
								       VPOS="2163"
								       WIDTH="12"
								       HEIGHT="120"
								       GC="1.0">
								</Glyph>
								<Glyph ID="char_843" 
								       CONTENT="e"
								       HPOS="4050"
								       VPOS="2163"
								       WIDTH="0"
								       HEIGHT="120"
								       GC="1.0">
								</Glyph>
								<Glyph ID="char_844" 
								       CONTENT="n"
								       HPOS="4084"
								       VPOS="2163"
								       WIDTH="0"
								       HEIGHT="120"
								       GC="1.0">
								</Glyph>
								<Glyph ID="char_845" 
								       CONTENT="&#39;"
								       HPOS="4130"
								       VPOS="2163"
								       WIDTH="0"
								       HEIGHT="120"
								       GC="0.9996">
								</Glyph>
								<Glyph ID="char_846" 
								       CONTENT=";"
								       HPOS="4153"
								       VPOS="2163"
								       WIDTH="12"
								       HEIGHT="120"
								       GC="1.0">
								</Glyph>
							</String>
					</TextLine>
					<TextLine ID="line_18"
						  HPOS="1025"
						  VPOS="2275" 
						  WIDTH="3137" 
						  HEIGHT="133">
							<String ID="segment_283"
								CONTENT="der" 
								HPOS="1025" 
								VPOS="2275"
								WIDTH="97" 
								HEIGHT="133" 
								WC="1.0">
								<Glyph ID="char_847" 
								       CONTENT="d"
								       HPOS="1025"
								       VPOS="2275"
								       WIDTH="12"
								       HEIGHT="133"
								       GC="1.0">
								</Glyph>
								<Glyph ID="char_848" 
								       CONTENT="e"
								       HPOS="1073"
								       VPOS="2275"
								       WIDTH="0"
								       HEIGHT="133"
								       GC="1.0">
								</Glyph>
								<Glyph ID="char_849" 
								       CONTENT="r"
								       HPOS="1110"
								       VPOS="2275"
								       WIDTH="12"
								       HEIGHT="133"
								       GC="1.0">
								</Glyph>
							</String>
							<SP ID="segment_284"
							    HPOS="1134" 
							    VPOS="2275"
							    WIDTH="25" 
							    HEIGHT="133"/>
							<String ID="segment_285"
								CONTENT="hatt" 
								HPOS="1183" 
								VPOS="2275"
								WIDTH="135" 
								HEIGHT="133" 
								WC="0.9989">
								<Glyph ID="char_851" 
								       CONTENT="h"
								       HPOS="1183"
								       VPOS="2275"
								       WIDTH="0"
								       HEIGHT="133"
								       GC="0.9956">
								</Glyph>
								<Glyph ID="char_852" 
								       CONTENT="a"
								       HPOS="1244"
								       VPOS="2275"
								       WIDTH="0"
								       HEIGHT="133"
								       GC="1.0">
								</Glyph>
								<Glyph ID="char_853" 
								       CONTENT="t"
								       HPOS="1281"
								       VPOS="2275"
								       WIDTH="12"
								       HEIGHT="133"
								       GC="1.0">
								</Glyph>
								<Glyph ID="char_854" 
								       CONTENT="t"
								       HPOS="1318"
								       VPOS="2275"
								       WIDTH="0"
								       HEIGHT="133"
								       GC="1.0">
								</Glyph>
							</String>
							<SP ID="segment_286"
							    HPOS="1342" 
							    VPOS="2275"
							    WIDTH="12" 
							    HEIGHT="133"/>
							<String ID="segment_287"
								CONTENT="ein" 
								HPOS="1391" 
								VPOS="2275"
								WIDTH="85" 
								HEIGHT="133" 
								WC="0.9997">
								<Glyph ID="char_856" 
								       CONTENT="e"
								       HPOS="1391"
								       VPOS="2275"
								       WIDTH="12"
								       HEIGHT="133"
								       GC="1.0">
								</Glyph>
								<Glyph ID="char_857" 
								       CONTENT="i"
								       HPOS="1427"
								       VPOS="2275"
								       WIDTH="0"
								       HEIGHT="133"
								       GC="0.9991">
								</Glyph>
								<Glyph ID="char_858" 
								       CONTENT="n"
								       HPOS="1464"
								       VPOS="2275"
								       WIDTH="12"
								       HEIGHT="133"
								       GC="1.0">
								</Glyph>
							</String>
							<SP ID="segment_288"
							    HPOS="1513" 
							    VPOS="2275"
							    WIDTH="12" 
							    HEIGHT="133"/>
							<String ID="segment_289"
								CONTENT="langen" 
								HPOS="1562" 
								VPOS="2275"
								WIDTH="232" 
								HEIGHT="133" 
								WC="1.0">
								<Glyph ID="char_860" 
								       CONTENT="l"
								       HPOS="1562"
								       VPOS="2275"
								       WIDTH="0"
								       HEIGHT="133"
								       GC="1.0">
								</Glyph>
								<Glyph ID="char_861" 
								       CONTENT="a"
								       HPOS="1586"
								       VPOS="2275"
								       WIDTH="12"
								       HEIGHT="133"
								       GC="1.0">
								</Glyph>
								<Glyph ID="char_862" 
								       CONTENT="n"
								       HPOS="1635"
								       VPOS="2275"
								       WIDTH="12"
								       HEIGHT="133"
								       GC="1.0">
								</Glyph>
								<Glyph ID="char_863" 
								       CONTENT="g"
								       HPOS="1696"
								       VPOS="2275"
								       WIDTH="12"
								       HEIGHT="133"
								       GC="1.0">
								</Glyph>
								<Glyph ID="char_864" 
								       CONTENT="e"
								       HPOS="1745"
								       VPOS="2275"
								       WIDTH="0"
								       HEIGHT="133"
								       GC="1.0">
								</Glyph>
								<Glyph ID="char_865" 
								       CONTENT="n"
								       HPOS="1782"
								       VPOS="2275"
								       WIDTH="12"
								       HEIGHT="133"
								       GC="1.0">
								</Glyph>
							</String>
							<SP ID="segment_290"
							    HPOS="1830" 
							    VPOS="2275"
							    WIDTH="25" 
							    HEIGHT="133"/>
							<String ID="segment_291"
								CONTENT="danth" 
								HPOS="1904" 
								VPOS="2275"
								WIDTH="158" 
								HEIGHT="133" 
								WC="1.0">
								<Glyph ID="char_867" 
								       CONTENT="d"
								       HPOS="1904"
								       VPOS="2275"
								       WIDTH="0"
								       HEIGHT="133"
								       GC="1.0">
								</Glyph>
								<Glyph ID="char_868" 
								       CONTENT="a"
								       HPOS="1928"
								       VPOS="2275"
								       WIDTH="12"
								       HEIGHT="133"
								       GC="1.0">
								</Glyph>
								<Glyph ID="char_869" 
								       CONTENT="n"
								       HPOS="1977"
								       VPOS="2275"
								       WIDTH="12"
								       HEIGHT="133"
								       GC="1.0">
								</Glyph>
								<Glyph ID="char_870" 
								       CONTENT="t"
								       HPOS="2026"
								       VPOS="2275"
								       WIDTH="0"
								       HEIGHT="133"
								       GC="1.0">
								</Glyph>
								<Glyph ID="char_871" 
								       CONTENT="h"
								       HPOS="2050"
								       VPOS="2275"
								       WIDTH="12"
								       HEIGHT="133"
								       GC="1.0">
								</Glyph>
							</String>
							<SP ID="segment_292"
							    HPOS="2099" 
							    VPOS="2275"
							    WIDTH="24" 
							    HEIGHT="133"/>
							<String ID="segment_293"
								CONTENT="yngelegt," 
								HPOS="2148" 
								VPOS="2275"
								WIDTH="354" 
								HEIGHT="133" 
								WC="1.0">
								<Glyph ID="char_873" 
								       CONTENT="y"
								       HPOS="2148"
								       VPOS="2275"
								       WIDTH="0"
								       HEIGHT="133"
								       GC="1.0">
								</Glyph>
								<Glyph ID="char_874" 
								       CONTENT="n"
								       HPOS="2209"
								       VPOS="2275"
								       WIDTH="0"
								       HEIGHT="133"
								       GC="1.0">
								</Glyph>
								<Glyph ID="char_875" 
								       CONTENT="g"
								       HPOS="2270"
								       VPOS="2275"
								       WIDTH="12"
								       HEIGHT="133"
								       GC="1.0">
								</Glyph>
								<Glyph ID="char_876" 
								       CONTENT="e"
								       HPOS="2319"
								       VPOS="2275"
								       WIDTH="0"
								       HEIGHT="133"
								       GC="1.0">
								</Glyph>
								<Glyph ID="char_877" 
								       CONTENT="l"
								       HPOS="2355"
								       VPOS="2275"
								       WIDTH="0"
								       HEIGHT="133"
								       GC="1.0">
								</Glyph>
								<Glyph ID="char_878" 
								       CONTENT="e"
								       HPOS="2392"
								       VPOS="2275"
								       WIDTH="0"
								       HEIGHT="133"
								       GC="0.9996">
								</Glyph>
								<Glyph ID="char_879" 
								       CONTENT="g"
								       HPOS="2441"
								       VPOS="2275"
								       WIDTH="12"
								       HEIGHT="133"
								       GC="1.0">
								</Glyph>
								<Glyph ID="char_880" 
								       CONTENT="t"
								       HPOS="2477"
								       VPOS="2275"
								       WIDTH="0"
								       HEIGHT="133"
								       GC="1.0">
								</Glyph>
								<Glyph ID="char_881" 
								       CONTENT=","
								       HPOS="2502"
								       VPOS="2275"
								       WIDTH="0"
								       HEIGHT="133"
								       GC="1.0">
								</Glyph>
							</String>
							<SP ID="segment_294"
							    HPOS="2526" 
							    VPOS="2275"
							    WIDTH="25" 
							    HEIGHT="133"/>
							<String ID="segment_295"
								CONTENT="darinn" 
								HPOS="2600" 
								VPOS="2275"
								WIDTH="195" 
								HEIGHT="133" 
								WC="0.9969">
								<Glyph ID="char_883" 
								       CONTENT="d"
								       HPOS="2600"
								       VPOS="2275"
								       WIDTH="0"
								       HEIGHT="133"
								       GC="1.0">
								</Glyph>
								<Glyph ID="char_884" 
								       CONTENT="a"
								       HPOS="2636"
								       VPOS="2275"
								       WIDTH="0"
								       HEIGHT="133"
								       GC="1.0">
								</Glyph>
								<Glyph ID="char_885" 
								       CONTENT="r"
								       HPOS="2673"
								       VPOS="2275"
								       WIDTH="12"
								       HEIGHT="133"
								       GC="1.0">
								</Glyph>
								<Glyph ID="char_886" 
								       CONTENT="i"
								       HPOS="2709"
								       VPOS="2275"
								       WIDTH="0"
								       HEIGHT="133"
								       GC="0.9953">
								</Glyph>
								<Glyph ID="char_887" 
								       CONTENT="n"
								       HPOS="2746"
								       VPOS="2275"
								       WIDTH="0"
								       HEIGHT="133"
								       GC="0.9911">
								</Glyph>
								<Glyph ID="char_888" 
								       CONTENT="n"
								       HPOS="2795"
								       VPOS="2275"
								       WIDTH="0"
								       HEIGHT="133"
								       GC="0.995">
								</Glyph>
							</String>
							<SP ID="segment_296"
							    HPOS="2832" 
							    VPOS="2275"
							    WIDTH="24" 
							    HEIGHT="133"/>
							<String ID="segment_297"
								CONTENT="er" 
								HPOS="2893" 
								VPOS="2275"
								WIDTH="48" 
								HEIGHT="133" 
								WC="0.9995">
								<Glyph ID="char_890" 
								       CONTENT="e"
								       HPOS="2893"
								       VPOS="2275"
								       WIDTH="12"
								       HEIGHT="133"
								       GC="0.9991">
								</Glyph>
								<Glyph ID="char_891" 
								       CONTENT="r"
								       HPOS="2929"
								       VPOS="2275"
								       WIDTH="12"
								       HEIGHT="133"
								       GC="1.0">
								</Glyph>
							</String>
							<SP ID="segment_298"
							    HPOS="2966" 
							    VPOS="2275"
							    WIDTH="12" 
							    HEIGHT="133"/>
							<String ID="segment_299"
								CONTENT="uff" 
								HPOS="3015" 
								VPOS="2275"
								WIDTH="85" 
								HEIGHT="133" 
								WC="0.9986">
								<Glyph ID="char_893" 
								       CONTENT="u"
								       HPOS="3015"
								       VPOS="2275"
								       WIDTH="12"
								       HEIGHT="133"
								       GC="0.9991">
								</Glyph>
								<Glyph ID="char_894" 
								       CONTENT="f"
								       HPOS="3063"
								       VPOS="2275"
								       WIDTH="0"
								       HEIGHT="133"
								       GC="0.9974">
								</Glyph>
								<Glyph ID="char_895" 
								       CONTENT="f"
								       HPOS="3100"
								       VPOS="2275"
								       WIDTH="0"
								       HEIGHT="133"
								       GC="0.9993">
								</Glyph>
							</String>
							<SP ID="segment_300"
							    HPOS="3125" 
							    VPOS="2275"
							    WIDTH="24" 
							    HEIGHT="133"/>
							<String ID="segment_301"
								CONTENT="admiralen" 
								HPOS="3173" 
								VPOS="2275"
								WIDTH="367" 
								HEIGHT="133" 
								WC="0.9999">
								<Glyph ID="char_897" 
								       CONTENT="a"
								       HPOS="3173"
								       VPOS="2275"
								       WIDTH="13"
								       HEIGHT="133"
								       GC="1.0">
								</Glyph>
								<Glyph ID="char_898" 
								       CONTENT="d"
								       HPOS="3234"
								       VPOS="2275"
								       WIDTH="13"
								       HEIGHT="133"
								       GC="1.0">
								</Glyph>
								<Glyph ID="char_899" 
								       CONTENT="m"
								       HPOS="3271"
								       VPOS="2275"
								       WIDTH="12"
								       HEIGHT="133"
								       GC="0.9999">
								</Glyph>
								<Glyph ID="char_900" 
								       CONTENT="i"
								       HPOS="3344"
								       VPOS="2275"
								       WIDTH="13"
								       HEIGHT="133"
								       GC="0.9997">
								</Glyph>
								<Glyph ID="char_901" 
								       CONTENT="r"
								       HPOS="3381"
								       VPOS="2275"
								       WIDTH="12"
								       HEIGHT="133"
								       GC="1.0">
								</Glyph>
								<Glyph ID="char_902" 
								       CONTENT="a"
								       HPOS="3418"
								       VPOS="2275"
								       WIDTH="12"
								       HEIGHT="133"
								       GC="1.0">
								</Glyph>
								<Glyph ID="char_903" 
								       CONTENT="l"
								       HPOS="3454"
								       VPOS="2275"
								       WIDTH="12"
								       HEIGHT="133"
								       GC="1.0">
								</Glyph>
								<Glyph ID="char_904" 
								       CONTENT="e"
								       HPOS="3503"
								       VPOS="2275"
								       WIDTH="0"
								       HEIGHT="133"
								       GC="0.9999">
								</Glyph>
								<Glyph ID="char_905" 
								       CONTENT="n"
								       HPOS="3540"
								       VPOS="2275"
								       WIDTH="0"
								       HEIGHT="133"
								       GC="1.0">
								</Glyph>
							</String>
							<SP ID="segment_302"
							    HPOS="3576" 
							    VPOS="2275"
							    WIDTH="25" 
							    HEIGHT="133"/>
							<String ID="segment_303"
								CONTENT="selig" 
								HPOS="3637" 
								VPOS="2275"
								WIDTH="159" 
								HEIGHT="133" 
								WC="1.0">
								<Glyph ID="char_907" 
								       CONTENT="s"
								       HPOS="3637"
								       VPOS="2275"
								       WIDTH="0"
								       HEIGHT="133"
								       GC="1.0">
								</Glyph>
								<Glyph ID="char_908" 
								       CONTENT="e"
								       HPOS="3686"
								       VPOS="2275"
								       WIDTH="0"
								       HEIGHT="133"
								       GC="1.0">
								</Glyph>
								<Glyph ID="char_909" 
								       CONTENT="l"
								       HPOS="3723"
								       VPOS="2275"
								       WIDTH="0"
								       HEIGHT="133"
								       GC="1.0">
								</Glyph>
								<Glyph ID="char_910" 
								       CONTENT="i"
								       HPOS="3747"
								       VPOS="2275"
								       WIDTH="0"
								       HEIGHT="133"
								       GC="1.0">
								</Glyph>
								<Glyph ID="char_911" 
								       CONTENT="g"
								       HPOS="3784"
								       VPOS="2275"
								       WIDTH="12"
								       HEIGHT="133"
								       GC="1.0">
								</Glyph>
							</String>
							<SP ID="segment_304"
							    HPOS="3820" 
							    VPOS="2275"
							    WIDTH="25" 
							    HEIGHT="133"/>
							<String ID="segment_305"
								CONTENT="und" 
								HPOS="3869" 
								VPOS="2275"
								WIDTH="135" 
								HEIGHT="133" 
								WC="0.9999">
								<Glyph ID="char_913" 
								       CONTENT="u"
								       HPOS="3869"
								       VPOS="2275"
								       WIDTH="13"
								       HEIGHT="133"
								       GC="1.0">
								</Glyph>
								<Glyph ID="char_914" 
								       CONTENT="n"
								       HPOS="3930"
								       VPOS="2275"
								       WIDTH="0"
								       HEIGHT="133"
								       GC="0.9996">
								</Glyph>
								<Glyph ID="char_915" 
								       CONTENT="d"
								       HPOS="3991"
								       VPOS="2275"
								       WIDTH="13"
								       HEIGHT="133"
								       GC="1.0">
								</Glyph>
							</String>
							<SP ID="segment_306"
							    HPOS="4016" 
							    VPOS="2275"
							    WIDTH="24" 
							    HEIGHT="133"/>
							<String ID="segment_307"
								CONTENT="die" 
								HPOS="4089" 
								VPOS="2275"
								WIDTH="73" 
								HEIGHT="133" 
								WC="0.9973">
								<Glyph ID="char_917" 
								       CONTENT="d"
								       HPOS="4089"
								       VPOS="2275"
								       WIDTH="12"
								       HEIGHT="133"
								       GC="0.9921">
								</Glyph>
								<Glyph ID="char_918" 
								       CONTENT="i"
								       HPOS="4113"
								       VPOS="2275"
								       WIDTH="13"
								       HEIGHT="133"
								       GC="0.9999">
								</Glyph>
								<Glyph ID="char_919" 
								       CONTENT="e"
								       HPOS="4162"
								       VPOS="2275"
								       WIDTH="0"
								       HEIGHT="133"
								       GC="1.0">
								</Glyph>
							</String>
					</TextLine>
					<TextLine ID="line_19"
						  HPOS="1695"
						  VPOS="2383" 
						  WIDTH="99" 
						  HEIGHT="91">
							<String ID="segment_308"
								CONTENT="." 
								HPOS="1695" 
								VPOS="2383"
								WIDTH="0" 
								HEIGHT="91" 
								WC="0.8291">
								<Glyph ID="char_920" 
								       CONTENT="."
								       HPOS="1695"
								       VPOS="2383"
								       WIDTH="0"
								       HEIGHT="91"
								       GC="0.8291">
								</Glyph>
							</String>
							<SP ID="segment_309"
							    HPOS="1723" 
							    VPOS="2383"
							    WIDTH="0" 
							    HEIGHT="91"/>
							<String ID="segment_310"
								CONTENT="." 
								HPOS="1751" 
								VPOS="2383"
								WIDTH="14" 
								HEIGHT="91" 
								WC="1.0">
								<Glyph ID="char_922" 
								       CONTENT="."
								       HPOS="1751"
								       VPOS="2383"
								       WIDTH="14"
								       HEIGHT="91"
								       GC="1.0">
								</Glyph>
							</String>
							<SP ID="segment_311"
							    HPOS="1794" 
							    VPOS="2383"
							    WIDTH="0" 
							    HEIGHT="91"/>
					</TextLine>
					<TextLine ID="line_20"
						  HPOS="1011"
						  VPOS="2380" 
						  WIDTH="625" 
						  HEIGHT="117">
							<String ID="segment_312"
								CONTENT="sinen" 
								HPOS="1011" 
								VPOS="2380"
								WIDTH="174" 
								HEIGHT="117" 
								WC="1.0">
								<Glyph ID="char_924" 
								       CONTENT="s"
								       HPOS="1011"
								       VPOS="2380"
								       WIDTH="11"
								       HEIGHT="117"
								       GC="1.0">
								</Glyph>
								<Glyph ID="char_925" 
								       CONTENT="i"
								       HPOS="1046"
								       VPOS="2380"
								       WIDTH="11"
								       HEIGHT="117"
								       GC="1.0">
								</Glyph>
								<Glyph ID="char_926" 
								       CONTENT="n"
								       HPOS="1080"
								       VPOS="2380"
								       WIDTH="12"
								       HEIGHT="117"
								       GC="1.0">
								</Glyph>
								<Glyph ID="char_927" 
								       CONTENT="e"
								       HPOS="1138"
								       VPOS="2380"
								       WIDTH="12"
								       HEIGHT="117"
								       GC="1.0">
								</Glyph>
								<Glyph ID="char_928" 
								       CONTENT="n"
								       HPOS="1185"
								       VPOS="2380"
								       WIDTH="0"
								       HEIGHT="117"
								       GC="1.0">
								</Glyph>
							</String>
							<SP ID="segment_313"
							    HPOS="1219" 
							    VPOS="2380"
							    WIDTH="23" 
							    HEIGHT="117"/>
							<String ID="segment_314"
								CONTENT="alles&#39;..." 
								HPOS="1266" 
								VPOS="2380"
								WIDTH="370" 
								HEIGHT="117" 
								WC="0.9983">
								<Glyph ID="char_930" 
								       CONTENT="a"
								       HPOS="1266"
								       VPOS="2380"
								       WIDTH="11"
								       HEIGHT="117"
								       GC="0.9973">
								</Glyph>
								<Glyph ID="char_931" 
								       CONTENT="l"
								       HPOS="1312"
								       VPOS="2380"
								       WIDTH="0"
								       HEIGHT="117"
								       GC="0.9989">
								</Glyph>
								<Glyph ID="char_932" 
								       CONTENT="l"
								       HPOS="1335"
								       VPOS="2380"
								       WIDTH="12"
								       HEIGHT="117"
								       GC="0.9895">
								</Glyph>
								<Glyph ID="char_933" 
								       CONTENT="e"
								       HPOS="1381"
								       VPOS="2380"
								       WIDTH="0"
								       HEIGHT="117"
								       GC="0.9998">
								</Glyph>
								<Glyph ID="char_934" 
								       CONTENT="s"
								       HPOS="1416"
								       VPOS="2380"
								       WIDTH="12"
								       HEIGHT="117"
								       GC="1.0">
								</Glyph>
								<Glyph ID="char_935" 
								       CONTENT="&#39;"
								       HPOS="1451"
								       VPOS="2380"
								       WIDTH="11"
								       HEIGHT="117"
								       GC="0.9995">
								</Glyph>
								<Glyph ID="char_936" 
								       CONTENT="."
								       HPOS="1520"
								       VPOS="2380"
								       WIDTH="0"
								       HEIGHT="117"
								       GC="0.9998">
								</Glyph>
								<Glyph ID="char_937" 
								       CONTENT="."
								       HPOS="1578"
								       VPOS="2380"
								       WIDTH="0"
								       HEIGHT="117"
								       GC="1.0">
								</Glyph>
								<Glyph ID="char_938" 
								       CONTENT="."
								       HPOS="1636"
								       VPOS="2380"
								       WIDTH="0"
								       HEIGHT="117"
								       GC="1.0">
								</Glyph>
							</String>
					</TextLine>
					<TextLine ID="line_21"
						  HPOS="998"
						  VPOS="5484" 
						  WIDTH="2755" 
						  HEIGHT="144">
							<String ID="segment_315"
								CONTENT="&#39;" 
								HPOS="998" 
								VPOS="5484"
								WIDTH="0" 
								HEIGHT="144" 
								WC="0.9994">
								<Glyph ID="char_939" 
								       CONTENT="&#39;"
								       HPOS="998"
								       VPOS="5484"
								       WIDTH="0"
								       HEIGHT="144"
								       GC="0.9994">
								</Glyph>
							</String>
							<SP ID="segment_316"
							    HPOS="1016" 
							    VPOS="5484"
							    WIDTH="0" 
							    HEIGHT="144"/>
							<String ID="segment_317"
								CONTENT="Dieser" 
								HPOS="1053" 
								VPOS="5484"
								WIDTH="184" 
								HEIGHT="144" 
								WC="0.9854">
								<Glyph ID="char_941" 
								       CONTENT="D"
								       HPOS="1053"
								       VPOS="5484"
								       WIDTH="9"
								       HEIGHT="144"
								       GC="1.0">
								</Glyph>
								<Glyph ID="char_942" 
								       CONTENT="i"
								       HPOS="1099"
								       VPOS="5484"
								       WIDTH="0"
								       HEIGHT="144"
								       GC="1.0">
								</Glyph>
								<Glyph ID="char_943" 
								       CONTENT="e"
								       HPOS="1136"
								       VPOS="5484"
								       WIDTH="0"
								       HEIGHT="144"
								       GC="0.9123">
								</Glyph>
								<Glyph ID="char_944" 
								       CONTENT="s"
								       HPOS="1163"
								       VPOS="5484"
								       WIDTH="9"
								       HEIGHT="144"
								       GC="1.0">
								</Glyph>
								<Glyph ID="char_945" 
								       CONTENT="e"
								       HPOS="1200"
								       VPOS="5484"
								       WIDTH="9"
								       HEIGHT="144"
								       GC="1.0">
								</Glyph>
								<Glyph ID="char_946" 
								       CONTENT="r"
								       HPOS="1237"
								       VPOS="5484"
								       WIDTH="0"
								       HEIGHT="144"
								       GC="1.0">
								</Glyph>
							</String>
							<SP ID="segment_318"
							    HPOS="1255" 
							    VPOS="5484"
							    WIDTH="18" 
							    HEIGHT="144"/>
							<String ID="segment_319"
								CONTENT="Hand" 
								HPOS="1301" 
								VPOS="5484"
								WIDTH="156" 
								HEIGHT="144" 
								WC="1.0">
								<Glyph ID="char_948" 
								       CONTENT="H"
								       HPOS="1301"
								       VPOS="5484"
								       WIDTH="9"
								       HEIGHT="144"
								       GC="1.0">
								</Glyph>
								<Glyph ID="char_949" 
								       CONTENT="a"
								       HPOS="1356"
								       VPOS="5484"
								       WIDTH="9"
								       HEIGHT="144"
								       GC="1.0">
								</Glyph>
								<Glyph ID="char_950" 
								       CONTENT="n"
								       HPOS="1393"
								       VPOS="5484"
								       WIDTH="0"
								       HEIGHT="144"
								       GC="1.0">
								</Glyph>
								<Glyph ID="char_951" 
								       CONTENT="d"
								       HPOS="1448"
								       VPOS="5484"
								       WIDTH="9"
								       HEIGHT="144"
								       GC="1.0">
								</Glyph>
							</String>
							<SP ID="segment_320"
							    HPOS="1466" 
							    VPOS="5484"
							    WIDTH="19" 
							    HEIGHT="144"/>
							<String ID="segment_321"
								CONTENT="war" 
								HPOS="1512" 
								VPOS="5484"
								WIDTH="110" 
								HEIGHT="144" 
								WC="1.0">
								<Glyph ID="char_953" 
								       CONTENT="w"
								       HPOS="1512"
								       VPOS="5484"
								       WIDTH="0"
								       HEIGHT="144"
								       GC="1.0">
								</Glyph>
								<Glyph ID="char_954" 
								       CONTENT="a"
								       HPOS="1577"
								       VPOS="5484"
								       WIDTH="0"
								       HEIGHT="144"
								       GC="1.0">
								</Glyph>
								<Glyph ID="char_955" 
								       CONTENT="r"
								       HPOS="1613"
								       VPOS="5484"
								       WIDTH="9"
								       HEIGHT="144"
								       GC="1.0">
								</Glyph>
							</String>
							<SP ID="segment_322"
							    HPOS="1632" 
							    VPOS="5484"
							    WIDTH="18" 
							    HEIGHT="144"/>
							<String ID="segment_323"
								CONTENT="Gegenstandt" 
								HPOS="1696" 
								VPOS="5484"
								WIDTH="377" 
								HEIGHT="144" 
								WC="0.948">
								<Glyph ID="char_957" 
								       CONTENT="G"
								       HPOS="1696"
								       VPOS="5484"
								       WIDTH="9"
								       HEIGHT="144"
								       GC="0.9991">
								</Glyph>
								<Glyph ID="char_958" 
								       CONTENT="e"
								       HPOS="1742"
								       VPOS="5484"
								       WIDTH="0"
								       HEIGHT="144"
								       GC="1.0">
								</Glyph>
								<Glyph ID="char_959" 
								       CONTENT="g"
								       HPOS="1779"
								       VPOS="5484"
								       WIDTH="9"
								       HEIGHT="144"
								       GC="1.0">
								</Glyph>
								<Glyph ID="char_960" 
								       CONTENT="e"
								       HPOS="1815"
								       VPOS="5484"
								       WIDTH="10"
								       HEIGHT="144"
								       GC="1.0">
								</Glyph>
								<Glyph ID="char_961" 
								       CONTENT="n"
								       HPOS="1852"
								       VPOS="5484"
								       WIDTH="0"
								       HEIGHT="144"
								       GC="0.7155">
								</Glyph>
								<Glyph ID="char_962" 
								       CONTENT="s"
								       HPOS="1898"
								       VPOS="5484"
								       WIDTH="0"
								       HEIGHT="144"
								       GC="0.856">
								</Glyph>
								<Glyph ID="char_963" 
								       CONTENT="t"
								       HPOS="1926"
								       VPOS="5484"
								       WIDTH="0"
								       HEIGHT="144"
								       GC="0.9999">
								</Glyph>
								<Glyph ID="char_964" 
								       CONTENT="a"
								       HPOS="1953"
								       VPOS="5484"
								       WIDTH="0"
								       HEIGHT="144"
								       GC="0.9938">
								</Glyph>
								<Glyph ID="char_965" 
								       CONTENT="n"
								       HPOS="1990"
								       VPOS="5484"
								       WIDTH="0"
								       HEIGHT="144"
								       GC="0.8637">
								</Glyph>
								<Glyph ID="char_966" 
								       CONTENT="d"
								       HPOS="2036"
								       VPOS="5484"
								       WIDTH="9"
								       HEIGHT="144"
								       GC="1.0">
								</Glyph>
								<Glyph ID="char_967" 
								       CONTENT="t"
								       HPOS="2063"
								       VPOS="5484"
								       WIDTH="10"
								       HEIGHT="144"
								       GC="1.0">
								</Glyph>
							</String>
							<SP ID="segment_324"
							    HPOS="2082" 
							    VPOS="5484"
							    WIDTH="27" 
							    HEIGHT="144"/>
							<String ID="segment_325"
								CONTENT="der" 
								HPOS="2137" 
								VPOS="5484"
								WIDTH="73" 
								HEIGHT="144" 
								WC="1.0">
								<Glyph ID="char_969" 
								       CONTENT="d"
								       HPOS="2137"
								       VPOS="5484"
								       WIDTH="9"
								       HEIGHT="144"
								       GC="1.0">
								</Glyph>
								<Glyph ID="char_970" 
								       CONTENT="e"
								       HPOS="2174"
								       VPOS="5484"
								       WIDTH="9"
								       HEIGHT="144"
								       GC="1.0">
								</Glyph>
								<Glyph ID="char_971" 
								       CONTENT="r"
								       HPOS="2210"
								       VPOS="5484"
								       WIDTH="0"
								       HEIGHT="144"
								       GC="1.0">
								</Glyph>
							</String>
							<SP ID="segment_326"
							    HPOS="2229" 
							    VPOS="5484"
							    WIDTH="18" 
							    HEIGHT="144"/>
							<String ID="segment_327"
								CONTENT="Tagsat-" 
								HPOS="2284" 
								VPOS="5484"
								WIDTH="202" 
								HEIGHT="144" 
								WC="1.0">
								<Glyph ID="char_973" 
								       CONTENT="T"
								       HPOS="2284"
								       VPOS="5484"
								       WIDTH="9"
								       HEIGHT="144"
								       GC="1.0">
								</Glyph>
								<Glyph ID="char_974" 
								       CONTENT="a"
								       HPOS="2311"
								       VPOS="5484"
								       WIDTH="10"
								       HEIGHT="144"
								       GC="1.0">
								</Glyph>
								<Glyph ID="char_975" 
								       CONTENT="g"
								       HPOS="2357"
								       VPOS="5484"
								       WIDTH="9"
								       HEIGHT="144"
								       GC="1.0">
								</Glyph>
								<Glyph ID="char_976" 
								       CONTENT="s"
								       HPOS="2394"
								       VPOS="5484"
								       WIDTH="0"
								       HEIGHT="144"
								       GC="1.0">
								</Glyph>
								<Glyph ID="char_977" 
								       CONTENT="a"
								       HPOS="2422"
								       VPOS="5484"
								       WIDTH="9"
								       HEIGHT="144"
								       GC="1.0">
								</Glyph>
								<Glyph ID="char_978" 
								       CONTENT="t"
								       HPOS="2458"
								       VPOS="5484"
								       WIDTH="0"
								       HEIGHT="144"
								       GC="1.0">
								</Glyph>
								<Glyph ID="char_979" 
								       CONTENT="-"
								       HPOS="2477"
								       VPOS="5484"
								       WIDTH="9"
								       HEIGHT="144"
								       GC="1.0">
								</Glyph>
							</String>
							<SP ID="segment_328"
							    HPOS="2504" 
							    VPOS="5484"
							    WIDTH="120" 
							    HEIGHT="144"/>
							<String ID="segment_329"
								CONTENT="&#39;Die" 
								HPOS="2660" 
								VPOS="5484"
								WIDTH="138" 
								HEIGHT="144" 
								WC="0.993">
								<Glyph ID="char_981" 
								       CONTENT="&#39;"
								       HPOS="2660"
								       VPOS="5484"
								       WIDTH="0"
								       HEIGHT="144"
								       GC="0.9945">
								</Glyph>
								<Glyph ID="char_982" 
								       CONTENT="D"
								       HPOS="2725"
								       VPOS="5484"
								       WIDTH="9"
								       HEIGHT="144"
								       GC="0.9884">
								</Glyph>
								<Glyph ID="char_983" 
								       CONTENT="i"
								       HPOS="2771"
								       VPOS="5484"
								       WIDTH="0"
								       HEIGHT="144"
								       GC="0.9891">
								</Glyph>
								<Glyph ID="char_984" 
								       CONTENT="e"
								       HPOS="2798"
								       VPOS="5484"
								       WIDTH="0"
								       HEIGHT="144"
								       GC="0.9999">
								</Glyph>
							</String>
							<SP ID="segment_330"
							    HPOS="2826" 
							    VPOS="5484"
							    WIDTH="9" 
							    HEIGHT="144"/>
							<String ID="segment_331"
								CONTENT="Bartholomaus" 
								HPOS="2872" 
								VPOS="5484"
								WIDTH="422" 
								HEIGHT="144" 
								WC="0.9767">
								<Glyph ID="char_986" 
								       CONTENT="B"
								       HPOS="2872"
								       VPOS="5484"
								       WIDTH="9"
								       HEIGHT="144"
								       GC="0.9987">
								</Glyph>
								<Glyph ID="char_987" 
								       CONTENT="a"
								       HPOS="2918"
								       VPOS="5484"
								       WIDTH="0"
								       HEIGHT="144"
								       GC="0.9999">
								</Glyph>
								<Glyph ID="char_988" 
								       CONTENT="r"
								       HPOS="2945"
								       VPOS="5484"
								       WIDTH="9"
								       HEIGHT="144"
								       GC="0.9958">
								</Glyph>
								<Glyph ID="char_989" 
								       CONTENT="t"
								       HPOS="2973"
								       VPOS="5484"
								       WIDTH="0"
								       HEIGHT="144"
								       GC="0.9777">
								</Glyph>
								<Glyph ID="char_990" 
								       CONTENT="h"
								       HPOS="3000"
								       VPOS="5484"
								       WIDTH="0"
								       HEIGHT="144"
								       GC="0.9518">
								</Glyph>
								<Glyph ID="char_991" 
								       CONTENT="o"
								       HPOS="3046"
								       VPOS="5484"
								       WIDTH="0"
								       HEIGHT="144"
								       GC="0.8898">
								</Glyph>
								<Glyph ID="char_992" 
								       CONTENT="l"
								       HPOS="3083"
								       VPOS="5484"
								       WIDTH="0"
								       HEIGHT="144"
								       GC="0.9903">
								</Glyph>
								<Glyph ID="char_993" 
								       CONTENT="o"
								       HPOS="3110"
								       VPOS="5484"
								       WIDTH="10"
								       HEIGHT="144"
								       GC="0.9982">
								</Glyph>
								<Glyph ID="char_994" 
								       CONTENT="m"
								       HPOS="3147"
								       VPOS="5484"
								       WIDTH="0"
								       HEIGHT="144"
								       GC="0.9188">
								</Glyph>
								<Glyph ID="char_995" 
								       CONTENT="a"
								       HPOS="3211"
								       VPOS="5484"
								       WIDTH="0"
								       HEIGHT="144"
								       GC="0.9999">
								</Glyph>
								<Glyph ID="char_996" 
								       CONTENT="u"
								       HPOS="3248"
								       VPOS="5484"
								       WIDTH="9"
								       HEIGHT="144"
								       GC="0.9999">
								</Glyph>
								<Glyph ID="char_997" 
								       CONTENT="s"
								       HPOS="3294"
								       VPOS="5484"
								       WIDTH="0"
								       HEIGHT="144"
								       GC="0.9997">
								</Glyph>
							</String>
							<SP ID="segment_332"
							    HPOS="3313" 
							    VPOS="5484"
							    WIDTH="18" 
							    HEIGHT="144"/>
							<String ID="segment_333"
								CONTENT="Nacht" 
								HPOS="3358" 
								VPOS="5484"
								WIDTH="166" 
								HEIGHT="144" 
								WC="0.9983">
								<Glyph ID="char_999" 
								       CONTENT="N"
								       HPOS="3358"
								       VPOS="5484"
								       WIDTH="10"
								       HEIGHT="144"
								       GC="0.9968">
								</Glyph>
								<Glyph ID="char_1000" 
								       CONTENT="a"
								       HPOS="3414"
								       VPOS="5484"
								       WIDTH="9"
								       HEIGHT="144"
								       GC="0.9953">
								</Glyph>
								<Glyph ID="char_1001" 
								       CONTENT="c"
								       HPOS="3459"
								       VPOS="5484"
								       WIDTH="0"
								       HEIGHT="144"
								       GC="0.9994">
								</Glyph>
								<Glyph ID="char_1002" 
								       CONTENT="h"
								       HPOS="3487"
								       VPOS="5484"
								       WIDTH="0"
								       HEIGHT="144"
								       GC="0.9999">
								</Glyph>
								<Glyph ID="char_1003" 
								       CONTENT="t"
								       HPOS="3524"
								       VPOS="5484"
								       WIDTH="0"
								       HEIGHT="144"
								       GC="1.0">
								</Glyph>
							</String>
							<SP ID="segment_334"
							    HPOS="3542" 
							    VPOS="5484"
							    WIDTH="19" 
							    HEIGHT="144"/>
							<String ID="segment_335"
								CONTENT="15727" 
								HPOS="3588" 
								VPOS="5484"
								WIDTH="165" 
								HEIGHT="144" 
								WC="0.9449">
								<Glyph ID="char_1005" 
								       CONTENT="1"
								       HPOS="3588"
								       VPOS="5484"
								       WIDTH="0"
								       HEIGHT="144"
								       GC="0.7247">
								</Glyph>
								<Glyph ID="char_1006" 
								       CONTENT="5"
								       HPOS="3625"
								       VPOS="5484"
								       WIDTH="9"
								       HEIGHT="144"
								       GC="1.0">
								</Glyph>
								<Glyph ID="char_1007" 
								       CONTENT="7"
								       HPOS="3671"
								       VPOS="5484"
								       WIDTH="0"
								       HEIGHT="144"
								       GC="1.0">
								</Glyph>
								<Glyph ID="char_1008" 
								       CONTENT="2"
								       HPOS="3707"
								       VPOS="5484"
								       WIDTH="10"
								       HEIGHT="144"
								       GC="1.0">
								</Glyph>
								<Glyph ID="char_1009" 
								       CONTENT="7"
								       HPOS="3753"
								       VPOS="5484"
								       WIDTH="0"
								       HEIGHT="144"
								       GC="1.0">
								</Glyph>
							</String>
					</TextLine>
					<TextLine ID="line_22"
						  HPOS="1126"
						  VPOS="5628" 
						  WIDTH="2486" 
						  HEIGHT="103">
							<String ID="segment_336"
								CONTENT="zne" 
								HPOS="1126" 
								VPOS="5628"
								WIDTH="117" 
								HEIGHT="103" 
								WC="0.9982">
								<Glyph ID="char_1010" 
								       CONTENT="z"
								       HPOS="1126"
								       VPOS="5628"
								       WIDTH="0"
								       HEIGHT="103"
								       GC="0.9946">
								</Glyph>
								<Glyph ID="char_1011" 
								       CONTENT="n"
								       HPOS="1196"
								       VPOS="5628"
								       WIDTH="0"
								       HEIGHT="103"
								       GC="1.0">
								</Glyph>
								<Glyph ID="char_1012" 
								       CONTENT="e"
								       HPOS="1243"
								       VPOS="5628"
								       WIDTH="0"
								       HEIGHT="103"
								       GC="1.0">
								</Glyph>
							</String>
							<SP ID="segment_337"
							    HPOS="1266" 
							    VPOS="5628"
							    WIDTH="12" 
							    HEIGHT="103"/>
							<String ID="segment_338"
								CONTENT="der" 
								HPOS="1325" 
								VPOS="5628"
								WIDTH="70" 
								HEIGHT="103" 
								WC="1.0">
								<Glyph ID="char_1014" 
								       CONTENT="d"
								       HPOS="1325"
								       VPOS="5628"
								       WIDTH="0"
								       HEIGHT="103"
								       GC="1.0">
								</Glyph>
								<Glyph ID="char_1015" 
								       CONTENT="e"
								       HPOS="1348"
								       VPOS="5628"
								       WIDTH="12"
								       HEIGHT="103"
								       GC="1.0">
								</Glyph>
								<Glyph ID="char_1016" 
								       CONTENT="r"
								       HPOS="1383"
								       VPOS="5628"
								       WIDTH="12"
								       HEIGHT="103"
								       GC="1.0">
								</Glyph>
							</String>
							<SP ID="segment_339"
							    HPOS="1406" 
							    VPOS="5628"
							    WIDTH="12" 
							    HEIGHT="103"/>
							<String ID="segment_340"
								CONTENT="V" 
								HPOS="1441" 
								VPOS="5628"
								WIDTH="0" 
								HEIGHT="103" 
								WC="1.0">
								<Glyph ID="char_1018" 
								       CONTENT="V"
								       HPOS="1441"
								       VPOS="5628"
								       WIDTH="0"
								       HEIGHT="103"
								       GC="1.0">
								</Glyph>
							</String>
							<SP ID="segment_341"
							    HPOS="1500" 
							    VPOS="5628"
							    WIDTH="0" 
							    HEIGHT="103"/>
							<String ID="segment_342"
								CONTENT="Katholishe" 
								HPOS="1535" 
								VPOS="5628"
								WIDTH="362" 
								HEIGHT="103" 
								WC="0.9536">
								<Glyph ID="char_1020" 
								       CONTENT="K"
								       HPOS="1535"
								       VPOS="5628"
								       WIDTH="0"
								       HEIGHT="103"
								       GC="0.5418">
								</Glyph>
								<Glyph ID="char_1021" 
								       CONTENT="a"
								       HPOS="1593"
								       VPOS="5628"
								       WIDTH="12"
								       HEIGHT="103"
								       GC="1.0">
								</Glyph>
								<Glyph ID="char_1022" 
								       CONTENT="t"
								       HPOS="1628"
								       VPOS="5628"
								       WIDTH="0"
								       HEIGHT="103"
								       GC="0.9963">
								</Glyph>
								<Glyph ID="char_1023" 
								       CONTENT="h"
								       HPOS="1652"
								       VPOS="5628"
								       WIDTH="0"
								       HEIGHT="103"
								       GC="1.0">
								</Glyph>
								<Glyph ID="char_1024" 
								       CONTENT="o"
								       HPOS="1698"
								       VPOS="5628"
								       WIDTH="12"
								       HEIGHT="103"
								       GC="1.0">
								</Glyph>
								<Glyph ID="char_1025" 
								       CONTENT="l"
								       HPOS="1733"
								       VPOS="5628"
								       WIDTH="0"
								       HEIGHT="103"
								       GC="0.9981">
								</Glyph>
								<Glyph ID="char_1026" 
								       CONTENT="i"
								       HPOS="1757"
								       VPOS="5628"
								       WIDTH="0"
								       HEIGHT="103"
								       GC="1.0">
								</Glyph>
								<Glyph ID="char_1027" 
								       CONTENT="s"
								       HPOS="1780"
								       VPOS="5628"
								       WIDTH="12"
								       HEIGHT="103"
								       GC="1.0">
								</Glyph>
								<Glyph ID="char_1028" 
								       CONTENT="h"
								       HPOS="1850"
								       VPOS="5628"
								       WIDTH="0"
								       HEIGHT="103"
								       GC="1.0">
								</Glyph>
								<Glyph ID="char_1029" 
								       CONTENT="e"
								       HPOS="1897"
								       VPOS="5628"
								       WIDTH="0"
								       HEIGHT="103"
								       GC="1.0">
								</Glyph>
							</String>
							<SP ID="segment_343"
							    HPOS="1967" 
							    VPOS="5628"
							    WIDTH="11" 
							    HEIGHT="103"/>
							<String ID="segment_344"
								CONTENT="Qte" 
								HPOS="2025" 
								VPOS="5628"
								WIDTH="93" 
								HEIGHT="103" 
								WC="0.9976">
								<Glyph ID="char_1031" 
								       CONTENT="Q"
								       HPOS="2025"
								       VPOS="5628"
								       WIDTH="0"
								       HEIGHT="103"
								       GC="0.9973">
								</Glyph>
								<Glyph ID="char_1032" 
								       CONTENT="t"
								       HPOS="2083"
								       VPOS="5628"
								       WIDTH="0"
								       HEIGHT="103"
								       GC="0.9956">
								</Glyph>
								<Glyph ID="char_1033" 
								       CONTENT="e"
								       HPOS="2118"
								       VPOS="5628"
								       WIDTH="0"
								       HEIGHT="103"
								       GC="1.0">
								</Glyph>
							</String>
							<SP ID="segment_345"
							    HPOS="2142" 
							    VPOS="5628"
							    WIDTH="11" 
							    HEIGHT="103"/>
							<String ID="segment_346"
								CONTENT="i" 
								HPOS="2177" 
								VPOS="5628"
								WIDTH="0" 
								HEIGHT="103" 
								WC="0.9185">
								<Glyph ID="char_1035" 
								       CONTENT="i"
								       HPOS="2177"
								       VPOS="5628"
								       WIDTH="0"
								       HEIGHT="103"
								       GC="0.9185">
								</Glyph>
							</String>
							<SP ID="segment_347"
							    HPOS="2235" 
							    VPOS="5628"
							    WIDTH="0" 
							    HEIGHT="103"/>
							<String ID="segment_348"
								CONTENT="uze" 
								HPOS="2328" 
								VPOS="5628"
								WIDTH="82" 
								HEIGHT="103" 
								WC="0.9898">
								<Glyph ID="char_1037" 
								       CONTENT="u"
								       HPOS="2328"
								       VPOS="5628"
								       WIDTH="0"
								       HEIGHT="103"
								       GC="1.0">
								</Glyph>
								<Glyph ID="char_1038" 
								       CONTENT="z"
								       HPOS="2375"
								       VPOS="5628"
								       WIDTH="0"
								       HEIGHT="103"
								       GC="0.9694">
								</Glyph>
								<Glyph ID="char_1039" 
								       CONTENT="e"
								       HPOS="2410"
								       VPOS="5628"
								       WIDTH="0"
								       HEIGHT="103"
								       GC="1.0">
								</Glyph>
							</String>
							<SP ID="segment_349"
							    HPOS="2504" 
							    VPOS="5628"
							    WIDTH="116" 
							    HEIGHT="103"/>
							<String ID="segment_350"
								CONTENT="`Vgl." 
								HPOS="2655" 
								VPOS="5628"
								WIDTH="164" 
								HEIGHT="103" 
								WC="0.9998">
								<Glyph ID="char_1041" 
								       CONTENT="`"
								       HPOS="2655"
								       VPOS="5628"
								       WIDTH="0"
								       HEIGHT="103"
								       GC="1.0">
								</Glyph>
								<Glyph ID="char_1042" 
								       CONTENT="V"
								       HPOS="2702"
								       VPOS="5628"
								       WIDTH="12"
								       HEIGHT="103"
								       GC="1.0">
								</Glyph>
								<Glyph ID="char_1043" 
								       CONTENT="g"
								       HPOS="2760"
								       VPOS="5628"
								       WIDTH="12"
								       HEIGHT="103"
								       GC="0.9997">
								</Glyph>
								<Glyph ID="char_1044" 
								       CONTENT="l"
								       HPOS="2795"
								       VPOS="5628"
								       WIDTH="0"
								       HEIGHT="103"
								       GC="0.9994">
								</Glyph>
								<Glyph ID="char_1045" 
								       CONTENT="."
								       HPOS="2819"
								       VPOS="5628"
								       WIDTH="0"
								       HEIGHT="103"
								       GC="0.9999">
								</Glyph>
							</String>
							<SP ID="segment_351"
							    HPOS="2830" 
							    VPOS="5628"
							    WIDTH="12" 
							    HEIGHT="103"/>
							<String ID="segment_352"
								CONTENT="lEA" 
								HPOS="2970" 
								VPOS="5628"
								WIDTH="82" 
								HEIGHT="103" 
								WC="0.9504">
								<Glyph ID="char_1047" 
								       CONTENT="l"
								       HPOS="2970"
								       VPOS="5628"
								       WIDTH="0"
								       HEIGHT="103"
								       GC="0.9548">
								</Glyph>
								<Glyph ID="char_1048" 
								       CONTENT="E"
								       HPOS="3005"
								       VPOS="5628"
								       WIDTH="0"
								       HEIGHT="103"
								       GC="0.8976">
								</Glyph>
								<Glyph ID="char_1049" 
								       CONTENT="A"
								       HPOS="3052"
								       VPOS="5628"
								       WIDTH="0"
								       HEIGHT="103"
								       GC="0.9989">
								</Glyph>
							</String>
							<SP ID="segment_353"
							    HPOS="3239" 
							    VPOS="5628"
							    WIDTH="12" 
							    HEIGHT="103"/>
							<String ID="segment_354"
								CONTENT="Iv2" 
								HPOS="3274" 
								VPOS="5628"
								WIDTH="117" 
								HEIGHT="103" 
								WC="0.9939">
								<Glyph ID="char_1051" 
								       CONTENT="I"
								       HPOS="3274"
								       VPOS="5628"
								       WIDTH="0"
								       HEIGHT="103"
								       GC="0.9855">
								</Glyph>
								<Glyph ID="char_1052" 
								       CONTENT="v"
								       HPOS="3297"
								       VPOS="5628"
								       WIDTH="0"
								       HEIGHT="103"
								       GC="0.9969">
								</Glyph>
								<Glyph ID="char_1053" 
								       CONTENT="2"
								       HPOS="3391"
								       VPOS="5628"
								       WIDTH="0"
								       HEIGHT="103"
								       GC="0.9993">
								</Glyph>
							</String>
							<SP ID="segment_355"
							    HPOS="3414" 
							    VPOS="5628"
							    WIDTH="12" 
							    HEIGHT="103"/>
							<String ID="segment_356"
								CONTENT="506i." 
								HPOS="3461" 
								VPOS="5628"
								WIDTH="151" 
								HEIGHT="103" 
								WC="0.94">
								<Glyph ID="char_1055" 
								       CONTENT="5"
								       HPOS="3461"
								       VPOS="5628"
								       WIDTH="0"
								       HEIGHT="103"
								       GC="0.9968">
								</Glyph>
								<Glyph ID="char_1056" 
								       CONTENT="0"
								       HPOS="3496"
								       VPOS="5628"
								       WIDTH="0"
								       HEIGHT="103"
								       GC="0.9961">
								</Glyph>
								<Glyph ID="char_1057" 
								       CONTENT="6"
								       HPOS="3542"
								       VPOS="5628"
								       WIDTH="0"
								       HEIGHT="103"
								       GC="0.7133">
								</Glyph>
								<Glyph ID="char_1058" 
								       CONTENT="i"
								       HPOS="3601"
								       VPOS="5628"
								       WIDTH="0"
								       HEIGHT="103"
								       GC="0.9956">
								</Glyph>
								<Glyph ID="char_1059" 
								       CONTENT="."
								       HPOS="3612"
								       VPOS="5628"
								       WIDTH="0"
								       HEIGHT="103"
								       GC="0.9983">
								</Glyph>
							</String>
					</TextLine>
					<TextLine ID="line_23"
						  HPOS="1253"
						  VPOS="5715" 
						  WIDTH="2176" 
						  HEIGHT="123">
							<String ID="segment_357"
								CONTENT=" " 
								HPOS="1253" 
								VPOS="5715"
								WIDTH="25" 
								HEIGHT="123" 
								WC="1.0">
								<Glyph ID="char_1060" 
								       CONTENT=" "
								       HPOS="1253"
								       VPOS="5715"
								       WIDTH="25"
								       HEIGHT="123"
								       GC="1.0">
								</Glyph>
							</String>
							<String ID="segment_358"
								CONTENT="5." 
								HPOS="1316" 
								VPOS="5715"
								WIDTH="25" 
								HEIGHT="123" 
								WC="1.0">
								<Glyph ID="char_1061" 
								       CONTENT="5"
								       HPOS="1316"
								       VPOS="5715"
								       WIDTH="0"
								       HEIGHT="123"
								       GC="1.0">
								</Glyph>
								<Glyph ID="char_1062" 
								       CONTENT="."
								       HPOS="1341"
								       VPOS="5715"
								       WIDTH="0"
								       HEIGHT="123"
								       GC="1.0">
								</Glyph>
							</String>
							<SP ID="segment_359"
							    HPOS="1366" 
							    VPOS="5715"
							    WIDTH="12" 
							    HEIGHT="123"/>
							<String ID="segment_360"
								CONTENT="Mai" 
								HPOS="1416" 
								VPOS="5715"
								WIDTH="112" 
								HEIGHT="123" 
								WC="0.9983">
								<Glyph ID="char_1064" 
								       CONTENT="M"
								       HPOS="1416"
								       VPOS="5715"
								       WIDTH="12"
								       HEIGHT="123"
								       GC="1.0">
								</Glyph>
								<Glyph ID="char_1065" 
								       CONTENT="a"
								       HPOS="1491"
								       VPOS="5715"
								       WIDTH="12"
								       HEIGHT="123"
								       GC="1.0">
								</Glyph>
								<Glyph ID="char_1066" 
								       CONTENT="i"
								       HPOS="1528"
								       VPOS="5715"
								       WIDTH="0"
								       HEIGHT="123"
								       GC="0.995">
								</Glyph>
							</String>
							<SP ID="segment_361"
							    HPOS="1541" 
							    VPOS="5715"
							    WIDTH="37" 
							    HEIGHT="123"/>
							<String ID="segment_362"
								CONTENT="1572;" 
								HPOS="1616" 
								VPOS="5715"
								WIDTH="150" 
								HEIGHT="123" 
								WC="0.9998">
								<Glyph ID="char_1068" 
								       CONTENT="1"
								       HPOS="1616"
								       VPOS="5715"
								       WIDTH="0"
								       HEIGHT="123"
								       GC="0.9997">
								</Glyph>
								<Glyph ID="char_1069" 
								       CONTENT="5"
								       HPOS="1653"
								       VPOS="5715"
								       WIDTH="0"
								       HEIGHT="123"
								       GC="1.0">
								</Glyph>
								<Glyph ID="char_1070" 
								       CONTENT="7"
								       HPOS="1691"
								       VPOS="5715"
								       WIDTH="0"
								       HEIGHT="123"
								       GC="1.0">
								</Glyph>
								<Glyph ID="char_1071" 
								       CONTENT="2"
								       HPOS="1728"
								       VPOS="5715"
								       WIDTH="13"
								       HEIGHT="123"
								       GC="0.9995">
								</Glyph>
								<Glyph ID="char_1072" 
								       CONTENT=";"
								       HPOS="1766"
								       VPOS="5715"
								       WIDTH="0"
								       HEIGHT="123"
								       GC="1.0">
								</Glyph>
							</String>
							<SP ID="segment_363"
							    HPOS="1778" 
							    VPOS="5715"
							    WIDTH="25" 
							    HEIGHT="123"/>
							<String ID="segment_364"
								CONTENT="s." 
								HPOS="1841" 
								VPOS="5715"
								WIDTH="25" 
								HEIGHT="123" 
								WC="0.7886">
								<Glyph ID="char_1074" 
								       CONTENT="s"
								       HPOS="1841"
								       VPOS="5715"
								       WIDTH="0"
								       HEIGHT="123"
								       GC="0.9969">
								</Glyph>
								<Glyph ID="char_1075" 
								       CONTENT="."
								       HPOS="1866"
								       VPOS="5715"
								       WIDTH="0"
								       HEIGHT="123"
								       GC="0.5804">
								</Glyph>
							</String>
							<SP ID="segment_365"
							    HPOS="1878" 
							    VPOS="5715"
							    WIDTH="26" 
							    HEIGHT="123"/>
							<String ID="segment_366"
								CONTENT="IEA]" 
								HPOS="1929" 
								VPOS="5715"
								WIDTH="362" 
								HEIGHT="123" 
								WC="0.9384">
								<Glyph ID="char_1077" 
								       CONTENT="I"
								       HPOS="1929"
								       VPOS="5715"
								       WIDTH="12"
								       HEIGHT="123"
								       GC="1.0">
								</Glyph>
								<Glyph ID="char_1078" 
								       CONTENT="E"
								       HPOS="2079"
								       VPOS="5715"
								       WIDTH="0"
								       HEIGHT="123"
								       GC="1.0">
								</Glyph>
								<Glyph ID="char_1079" 
								       CONTENT="A"
								       HPOS="2116"
								       VPOS="5715"
								       WIDTH="13"
								       HEIGHT="123"
								       GC="1.0">
								</Glyph>
								<Glyph ID="char_1080" 
								       CONTENT="]"
								       HPOS="2291"
								       VPOS="5715"
								       WIDTH="0"
								       HEIGHT="123"
								       GC="0.7538">
								</Glyph>
							</String>
							<SP ID="segment_367"
							    HPOS="2316" 
							    VPOS="5715"
							    WIDTH="0" 
							    HEIGHT="123"/>
							<String ID="segment_368"
								CONTENT="Iz" 
								HPOS="2366" 
								VPOS="5715"
								WIDTH="113" 
								HEIGHT="123" 
								WC="0.9203">
								<Glyph ID="char_1082" 
								       CONTENT="I"
								       HPOS="2366"
								       VPOS="5715"
								       WIDTH="0"
								       HEIGHT="123"
								       GC="0.8413">
								</Glyph>
								<Glyph ID="char_1083" 
								       CONTENT="z"
								       HPOS="2479"
								       VPOS="5715"
								       WIDTH="0"
								       HEIGHT="123"
								       GC="0.9992">
								</Glyph>
							</String>
							<SP ID="segment_369"
							    HPOS="2504" 
							    VPOS="5715"
							    WIDTH="112" 
							    HEIGHT="123"/>
							<String ID="segment_370"
								CONTENT="Uivoisindigr" 
								HPOS="2717" 
								VPOS="5715"
								WIDTH="500" 
								HEIGHT="123" 
								WC="0.929">
								<Glyph ID="char_1085" 
								       CONTENT="U"
								       HPOS="2717"
								       VPOS="5715"
								       WIDTH="12"
								       HEIGHT="123"
								       GC="0.9998">
								</Glyph>
								<Glyph ID="char_1086" 
								       CONTENT="i"
								       HPOS="2767"
								       VPOS="5715"
								       WIDTH="0"
								       HEIGHT="123"
								       GC="0.998">
								</Glyph>
								<Glyph ID="char_1087" 
								       CONTENT="v"
								       HPOS="2804"
								       VPOS="5715"
								       WIDTH="0"
								       HEIGHT="123"
								       GC="0.7823">
								</Glyph>
								<Glyph ID="char_1088" 
								       CONTENT="o"
								       HPOS="2854"
								       VPOS="5715"
								       WIDTH="0"
								       HEIGHT="123"
								       GC="0.9961">
								</Glyph>
								<Glyph ID="char_1089" 
								       CONTENT="i"
								       HPOS="2892"
								       VPOS="5715"
								       WIDTH="0"
								       HEIGHT="123"
								       GC="0.9865">
								</Glyph>
								<Glyph ID="char_1090" 
								       CONTENT="s"
								       HPOS="2942"
								       VPOS="5715"
								       WIDTH="0"
								       HEIGHT="123"
								       GC="0.998">
								</Glyph>
								<Glyph ID="char_1091" 
								       CONTENT="i"
								       HPOS="2967"
								       VPOS="5715"
								       WIDTH="0"
								       HEIGHT="123"
								       GC="0.9727">
								</Glyph>
								<Glyph ID="char_1092" 
								       CONTENT="n"
								       HPOS="3029"
								       VPOS="5715"
								       WIDTH="0"
								       HEIGHT="123"
								       GC="0.9979">
								</Glyph>
								<Glyph ID="char_1093" 
								       CONTENT="d"
								       HPOS="3092"
								       VPOS="5715"
								       WIDTH="0"
								       HEIGHT="123"
								       GC="0.6794">
								</Glyph>
								<Glyph ID="char_1094" 
								       CONTENT="i"
								       HPOS="3104"
								       VPOS="5715"
								       WIDTH="0"
								       HEIGHT="123"
								       GC="0.9959">
								</Glyph>
								<Glyph ID="char_1095" 
								       CONTENT="g"
								       HPOS="3142"
								       VPOS="5715"
								       WIDTH="0"
								       HEIGHT="123"
								       GC="0.7883">
								</Glyph>
								<Glyph ID="char_1096" 
								       CONTENT="r"
								       HPOS="3217"
								       VPOS="5715"
								       WIDTH="0"
								       HEIGHT="123"
								       GC="0.9529">
								</Glyph>
							</String>
							<SP ID="segment_371"
							    HPOS="3229" 
							    VPOS="5715"
							    WIDTH="13" 
							    HEIGHT="123"/>
							<String ID="segment_372"
								CONTENT="riet." 
								HPOS="3329" 
								VPOS="5715"
								WIDTH="100" 
								HEIGHT="123" 
								WC="0.9865">
								<Glyph ID="char_1098" 
								       CONTENT="r"
								       HPOS="3329"
								       VPOS="5715"
								       WIDTH="0"
								       HEIGHT="123"
								       GC="0.986">
								</Glyph>
								<Glyph ID="char_1099" 
								       CONTENT="i"
								       HPOS="3354"
								       VPOS="5715"
								       WIDTH="0"
								       HEIGHT="123"
								       GC="0.988">
								</Glyph>
								<Glyph ID="char_1100" 
								       CONTENT="e"
								       HPOS="3379"
								       VPOS="5715"
								       WIDTH="0"
								       HEIGHT="123"
								       GC="0.9749">
								</Glyph>
								<Glyph ID="char_1101" 
								       CONTENT="t"
								       HPOS="3417"
								       VPOS="5715"
								       WIDTH="0"
								       HEIGHT="123"
								       GC="0.9875">
								</Glyph>
								<Glyph ID="char_1102" 
								       CONTENT="."
								       HPOS="3429"
								       VPOS="5715"
								       WIDTH="0"
								       HEIGHT="123"
								       GC="0.9961">
								</Glyph>
							</String>
					</TextLine>
					<TextLine ID="line_24"
						  HPOS="1124"
						  VPOS="5813" 
						  WIDTH="117" 
						  HEIGHT="77">
							<String ID="segment_373"
								CONTENT="492." 
								HPOS="1124" 
								VPOS="5813"
								WIDTH="117" 
								HEIGHT="77" 
								WC="0.9969">
								<Glyph ID="char_1103" 
								       CONTENT="4"
								       HPOS="1124"
								       VPOS="5813"
								       WIDTH="11"
								       HEIGHT="77"
								       GC="1.0">
								</Glyph>
								<Glyph ID="char_1104" 
								       CONTENT="9"
								       HPOS="1167"
								       VPOS="5813"
								       WIDTH="0"
								       HEIGHT="77"
								       GC="1.0">
								</Glyph>
								<Glyph ID="char_1105" 
								       CONTENT="2"
								       HPOS="1209"
								       VPOS="5813"
								       WIDTH="11"
								       HEIGHT="77"
								       GC="0.9969">
								</Glyph>
								<Glyph ID="char_1106" 
								       CONTENT="."
								       HPOS="1241"
								       VPOS="5813"
								       WIDTH="0"
								       HEIGHT="77"
								       GC="0.9909">
								</Glyph>
							</String>
					</TextLine>
					<TextLine ID="line_25"
						  HPOS="1119"
						  VPOS="5985" 
						  WIDTH="16" 
						  HEIGHT="102">
							<String ID="segment_374"
								CONTENT="2" 
								HPOS="1119" 
								VPOS="5985"
								WIDTH="16" 
								HEIGHT="102" 
								WC="1.0">
								<Glyph ID="char_1107" 
								       CONTENT="2"
								       HPOS="1119"
								       VPOS="5985"
								       WIDTH="16"
								       HEIGHT="102"
								       GC="1.0">
								</Glyph>
							</String>
					</TextLine>
					<TextLine ID="line_27"
						  HPOS="4784"
						  VPOS="361" 
						  WIDTH="78" 
						  HEIGHT="62">
							<String ID="segment_375"
								CONTENT="aw-" 
								HPOS="4784" 
								VPOS="361"
								WIDTH="78" 
								HEIGHT="62" 
								WC="0.8628">
								<Glyph ID="char_1108" 
								       CONTENT="a"
								       HPOS="4784"
								       VPOS="361"
								       WIDTH="0"
								       HEIGHT="62"
								       GC="0.9891">
								</Glyph>
								<Glyph ID="char_1109" 
								       CONTENT="w"
								       HPOS="4786"
								       VPOS="361"
								       WIDTH="0"
								       HEIGHT="62"
								       GC="1.0">
								</Glyph>
								<Glyph ID="char_1110" 
								       CONTENT="-"
								       HPOS="4862"
								       VPOS="361"
								       WIDTH="0"
								       HEIGHT="62"
								       GC="0.5993">
								</Glyph>
							</String>
					</TextLine>
					<TextLine ID="line_28"
						  HPOS="4710"
						  VPOS="3513" 
						  WIDTH="98" 
						  HEIGHT="155">
							<String ID="segment_376"
								CONTENT=".O" 
								HPOS="4710" 
								VPOS="3513"
								WIDTH="98" 
								HEIGHT="155" 
								WC="0.9689">
								<Glyph ID="char_1111" 
								       CONTENT="."
								       HPOS="4710"
								       VPOS="3513"
								       WIDTH="0"
								       HEIGHT="155"
								       GC="0.9377">
								</Glyph>
								<Glyph ID="char_1112" 
								       CONTENT="O"
								       HPOS="4808"
								       VPOS="3513"
								       WIDTH="0"
								       HEIGHT="155"
								       GC="1.0">
								</Glyph>
							</String>
					</TextLine>
					<TextLine ID="line_29"
						  HPOS="4646"
						  VPOS="6822" 
						  WIDTH="0" 
						  HEIGHT="123">
							<String ID="segment_377"
								CONTENT="1" 
								HPOS="4646" 
								VPOS="6822"
								WIDTH="0" 
								HEIGHT="123" 
								WC="0.9993">
								<Glyph ID="char_1113" 
								       CONTENT="1"
								       HPOS="4646"
								       VPOS="6822"
								       WIDTH="0"
								       HEIGHT="123"
								       GC="0.9993">
								</Glyph>
							</String>
					</TextLine>
				</TextBlock>
			</PrintSpace>
		</Page>
	</Layout>
</alto>