4931 3479
1176 1516 175 68 Regest

1692 731 255 95 [14169]
2009 731 224 95 (undat.
2315 731 143 95 Brief
2519 731 612 95 63)-reigentlich
3223 731 235 95 Zeitung

1768 912 550 121 [Ambrosius
2425 912 255 121 Blarer
2747 912 67 121 an
2935 912 443 121 Bullinger]

1398 1069 280 104 [Beilage
1748 1069 41 104 zu
1869 1069 150 104 einem
2139 1069 150 104 Brief
2359 1069 140 104 Ende
2580 1069 360 104 September
3000 1069 150 104 1544
3220 1069 130 104 oder
3411 1069 340 104 spterl]:::1

1700 1170 380 101 Autograph:
2156 1170 185 101 Ziirich
2428 1170 130 101 StA,
2634 1170 11 101 E
2699 1170 44 101 II
2808 1170 131 101 441,
3004 1170 43 101 10
3112 1170 359 101 (Siegel.)

2388 1277 398 88 Ungedruckt

1172 1657 290 100 Nachdem
1552 1657 70 100 ich
1712 1657 40 100 am
1852 1657 361 100 herabryten
2303 1657 80 100 den
2463 1657 130 100 weg
2663 1657 380 100 geschifften
3113 1657 120 100 halb
3323 1657 121 100 auff
3524 1657 320 100 Ougspurg
3914 1657 90 100 ge-

1172 1757 243 98 nomen,
1460 1757 72 98 ist
1577 1757 108 98 mir
1730 1757 99 98 von
1902 1757 162 98 ainer
2109 1757 405 98 vertrauwten
2577 1757 243 98 person,
2883 1757 72 98 die
3009 1757 99 98 nitt
3171 1757 235 98 gerings
3460 1757 306 98 ansehens
3820 1757 90 98 ist,
3955 1757 36 98 in

1175 1858 200 109 gehaim
1480 1858 333 109 vertrauwt
1890 1858 114 109 und
2071 1858 247 109 anzaigt
2385 1858 276 109 worden,
2747 1858 76 109 das
2909 1858 209 109 gewiss
3195 1858 124 109 war
3385 1858 105 109 sein
3576 1858 104 109 sol,
3766 1858 86 109 das
3938 1858 66 109 die

1165 1959 450 107 bipstischs[l]
1695 1959 300 107 hailikait,
2085 1959 80 107 der
2235 1959 250 107 rmisch
2585 1959 220 107 kayser
2875 1959 120 107 und
3055 1959 190 107 kiinig
3315 1959 40 107 in
3445 1959 330 107 Hispania,
3855 1959 130 107 ouch

1091 2059 0 102 s
1186 2059 439 102 Ffr[ank]reich
1691 2059 200 102 sampt
1949 2059 85 102 den
2111 2059 352 102 gaistlichen
2539 2059 372 102 churfiirsten
2977 2059 115 102 und
3149 2059 210 102 andern
3435 2059 95 102 etc.
3587 2059 67 102 ain
3730 2059 276 102 gehaime

1166 2160 271 106 puntnus
1512 2160 299 106 gemacht,
1895 2160 65 106 die
2026 2160 345 106 luterschen
2446 2160 121 106 leer
2623 2160 38 106 im
2763 2160 187 106 grund
3016 2160 46 106 zu
3137 2160 336 106 vertilcken
3548 2160 121 106 und
3735 2160 84 106 dem
3931 2160 75 106 ro-

1178 2259 262 90 mischen
1518 2259 106 90 stfll
1683 2259 668 90 wideruffzehelffen;
2419 2259 117 90 und
2594 2259 77 90 sol
2730 2259 38 90 ir
2827 2259 319 90 fiirnimen
3224 2259 126 90 syn,
3428 2259 67 90 die
3563 2259 117 90 sach
3767 2259 223 90 erstlich

1170 2360 129 92 mitt
1363 2360 276 92 Schotten
1712 2360 432 92 furzenemen,
2208 2360 239 92 darnach
2529 2360 120 92 mitt
2713 2360 83 92 den
2878 2360 450 92 Schweitzern,
3383 2360 193 92 welhe
3640 2360 37 92 sy
3741 2360 267 92 vermai-

1178 2460 92 90 nen
1343 2460 257 90 lichtlich
1683 2460 156 90 selbs
1903 2460 46 90 an
2022 2460 330 90 ainandern
2426 2460 55 90 ze
2536 2460 211 90 hetzen
2820 2460 147 90 sein,
3031 2460 110 90 und
3206 2460 36 90 sy
3334 2460 128 90 dann
3536 2460 128 90 mitt
3719 2460 138 90 vyle
3930 2460 83 90 der

1059 2560 37 92 1o
1169 2560 468 92 handschitzen
1719 2560 55 92 ze
1839 2560 394 92 iibersetzen,
2306 2560 110 92 und
2490 2560 165 92 achte
2719 2560 156 92 man,
2948 2560 46 92 es
3067 2560 92 92 sye
3242 2560 73 92 die
3379 2560 211 92 pratic,
3673 2560 82 92 das
3838 2560 155 92 durch

1176 2662 199 102 solhen
1451 2662 295 102 anschlag
1832 2662 304 102 Francrych
2222 2662 57 102 uB
2355 2662 86 102 den
2517 2662 238 102 grossen
2821 2662 343 102 pensionen
3240 2662 114 102 und
3411 2662 238 102 jargelt,
3716 2662 123 102 ouch
3925 2662 85 102 an-

1193 2760 107 96 dern
1367 2760 445 96 beschwerden
1890 2760 106 96 sich
2074 2760 116 96 mitt
2248 2760 203 96 solhen
2529 2760 164 96 ftdgen
2771 2760 58 96 uB
2906 2760 77 96 der
3042 2760 483 96 aidgnoschafft
3583 2760 204 96 ziehen
3854 2760 155 96 well.

1181 2861 312 103 Volgends
1557 2861 202 103 werde
1823 2861 119 103 man
2015 2861 37 103 in
2135 2861 137 103 aller
2336 2861 175 103 unrtw
2621 2861 64 103 ain
2767 2861 303 103 concilium
3180 2861 256 103 ansehen
3510 2861 119 103 und
3702 2861 312 103 dasselbig

1184 2958 355 105 understeen
1614 2958 121 105 mitt
1801 2958 168 105 gwalt
2025 2958 37 105 in
2137 2958 308 105 schneller
2501 2958 47 105 yl
2604 2958 56 105 zu
2716 2958 374 105 bestaittigen
3156 2958 121 105 und
3333 2958 47 105 zu
3445 2958 365 105 volziehen.
