4933 3484
1371 1193 336 109 Jan-ndrea
1777 1193 363 109 B1NHIARD,
2255 1193 150 109 Briefe
2458 1193 45 109 an
2573 1193 230 109 Heinrich
2892 1193 256 109 Bullinger
3192 1193 36 109 im
3325 1193 115 109 Blick
3511 1193 79 109 auf

1386 1289 349 97 Entstehung,
1837 1289 299 97 hbfassung
2221 1289 102 97 und
2409 1289 281 97 Rezeption
2801 1289 76 97 der
2946 1289 315 97 `Confessio
3363 1289 222 97 Raetica'

1371 1381 316 99 (1552/53),
1736 1381 79 99 in:
1884 1381 297 99 Zvingin,
2240 1381 79 99 Bd.
2368 1381 69 99 40,
2497 1381 138 99 2013,
2694 1381 30 99 S.
2783 1381 168 99 37-71.
3010 1381 30 99 In
3119 1381 158 99 diesem
3376 1381 138 99 Aufsa

1368 1476 105 93 sind
1525 1476 253 93 folgende
1839 1476 149 93 Briefe
2031 1476 437 93 veroffentlicht:

1479 1595 0 85 -
1531 1595 75 85 Pier
1651 1595 113 85 Paolo
1809 1595 210 85 Vergerio
2064 1595 30 85 an
2154 1595 233 85 Bullinger,
2432 1595 53 85 15.
2530 1595 270 85 November
2845 1595 120 85 1552,
3003 1595 68 85 auf
3116 1595 15 85 S.
3176 1595 150 85 55-57.

1478 1675 259 96 -Johannes
1829 1675 208 96 omander
2079 1675 75 96 und
2204 1675 150 96 Philipp
2421 1675 200 96 Gallicius
2663 1675 33 96 an
2763 1675 233 96 Bullinger,
3038 1675 58 96 12.
3146 1675 259 96 Dezember
3455 1675 117 96 1552,

1595 1753 71 55 auf
1706 1753 24 55 S.
1777 1753 143 55 57-59.

1475 1829 259 93 -Johannes
1797 1829 243 93 Comander
2087 1829 86 93 und
2220 1829 150 93 Philipp
2448 1829 204 93 Gallicius
2699 1829 32 93 an
2801 1829 236 93 Bullinger,
3092 1829 23 93 6.
3154 1829 126 93 Mrz
3335 1829 125 93 1553,
3507 1829 71 93 auf

1601 1908 24 51 S.
1665 1908 151 51 59-62.

1472 1982 259 92 -Johannes
1789 1982 242 92 Comander
2073 1982 83 92 und
2206 1982 151 92 Philipp
2432 1982 200 92 Gallicius
2674 1982 33 92 an
2774 1982 233 92 Bullinger,
3057 1982 59 92 22.
3166 1982 125 92 April
3341 1982 125 92 1553,
3508 1982 67 92 anf

1598 2058 24 52 S.
1670 2058 136 52 62-67.

1468 2133 0 78 -
1520 2133 147 78 Philipp
1733 2133 198 78 Gallicius
1975 2133 30 78 an
2063 2133 235 78 Bullinger,
2342 2133 23 78 6.
2409 2133 95 78 Juni
2548 2133 125 78 1553,
2710 2133 66 78 auf
2820 2133 22 78 S.
2886 2133 147 78 67-69.

1466 2209 0 82 -
1518 2209 146 82 Philipp
1730 2209 198 82 Gallicius
1972 2209 30 82 an
2060 2209 235 82 Bullinger,
2339 2209 22 82 2.
2405 2209 279 82 September
2728 2209 125 82 1553,
2889 2209 66 82 auf
2999 2209 22 82 S.
3065 2209 140 82 69-71.
