4959 3609
687 582 238 87 Beginn
1011 582 86 87 des
1183 582 276 87 Briefes:

689 793 180 96 Pauca
936 793 418 96 festinanter,
1411 793 104 96 sed
1563 793 105 96 non
1734 793 295 96 vulgaria
2095 793 238 96 scribo,
2399 793 390 96 doctissime
2865 793 399 96 Bullingere,
3331 793 143 96 quae
3531 793 237 96 melius
3825 793 57 96 ac
3939 793 209 96 fusius

680 905 37 101 ex
800 905 229 101 nuncio
1103 905 266 101 optimo,
1424 905 137 101 viva
1626 905 303 101 epistola,
1993 905 395 101 cognosces.
2461 905 229 101 Amisit
2745 905 202 101 nuper
2993 905 322 101 accebere
3370 905 229 101 funero
3663 905 276 101 ecclesia

696 1019 224 104 Christi
984 1019 213 104 oppidi
1272 1019 437 104 Altstettensis
1773 1019 160 104 apud
1997 1019 342 104 Rhiegn...
2403 1019 363 104 [Rheineck
2840 1019 96 104 auf
3011 1019 288 104 Latein?]
3352 1019 448 104 fidelissimum
3907 1019 53 104 ac

672 1134 581 103 vigilantissimum
1343 1134 300 103 pastorem
1744 1134 40 103 et
1834 1134 270 103 patrem,
2174 1134 301 103 dominum
2585 1134 360 103 Pelag[i]um
3045 1134 0 103 a
3136 1134 230 103 Layden
3436 1134 50 103 [2?
3526 1134 40 103 -
3636 1134 401 103 Laytden?-

673 1247 133 102 man
873 1247 247 102 miisste
1196 1247 410 102 L(a)ythinum
1701 1247 172 102 lesen
1930 1247 333 102 knnen],
2330 1247 133 102 quem
2568 1247 247 102 casum,
2882 1247 86 102 cum
3073 1247 314 102 resarcire
3444 1247 390 102 operatorum
3920 1247 267 102 penuria

670 1365 253 98 [wobei
979 1365 131 98 man
1185 1365 140 98 eher
1372 1365 272 98 penurie
1700 1365 196 98 liest..
1924 1365 10 98 .
1971 1365 28 98 ],
2065 1365 93 98 qua
2214 1365 403 98 laborimus,
2673 1365 103 98 non
2842 1365 402 98 possumus,
3300 1365 66 98 ad
3413 1365 46 98 te
3506 1365 281 98 patrem,

686 1484 408 97 orphanorum
1201 1484 38 97 et
1288 1484 311 97 viduarum
1696 1484 389 97 patronum,
2143 1484 107 97 etc.
2299 1484 0 97 .
2328 1484 10 97 .

697 1705 240 97 Einmal
987 1705 180 97 mehr
1217 1705 190 97 weiss
1477 1705 521 97 Stickelberger
2048 1705 300 97 natiirlich
2428 1705 210 97 nichts
2698 1705 150 97 iber
2908 1705 200 97 diesen
3188 1705 241 97 Pfarrer
3479 1705 110 97 von
3669 1705 370 97 Altstatten.
4119 1705 50 97 Es

676 1819 271 95 handelt
997 1819 110 95 sich
1197 1819 170 95 dabei
1427 1819 51 95 um
1588 1819 300 95 Pelagius
1958 1819 281 95 Amstein
2299 1819 110 95 von
2509 1819 471 95 Bischofszell,
3050 1819 81 95 der
3191 1819 160 95 1550
3401 1819 50 95 in
3531 1819 331 95 Altstatten

676 1933 290 99 bezeugt
1007 1933 73 99 ist
1132 1933 72 99 (s.
1256 1933 227 99 unsere
1545 1933 217 99 online
1835 1933 238 99 Edition
2145 1933 207 99 HBBW
2466 1933 103 99 VII
2631 1933 197 99 150f.,
2900 1933 186 99 Anm.
3149 1933 62 99 5).

700 2041 52 102 Es
815 2041 116 102 gibt
994 2041 158 102 einen
1226 2041 305 102 weiteren
1615 2041 168 102 Brief
1826 2041 305 102 Kesslers
2194 2041 52 102 an
2331 2041 336 102 Bullinger
2709 2041 116 102 vom
2930 2041 85 102 19.
3067 2041 179 102 Marz
3320 2041 147 102 1552
3530 2041 358 102 (ZH-StA,
3962 2041 10 102 E
4025 2041 42 102 II

689 2153 137 101 351,
886 2153 177 101 221),
1112 2153 88 101 wo
1259 2153 128 101 man
1466 2153 256 101 erfahrt,
1791 2153 128 101 dass
1988 2153 69 101 die
2135 2153 177 101 Stelle
2371 2153 30 101 in
2489 2153 335 101 Altstaitten
2893 2153 148 101 noch
3109 2153 227 101 immer
3385 2153 246 101 vakant
3680 2153 99 101 ist:
3818 2153 128 101 ,,At
4005 2153 98 101 ego

698 2264 133 115 quid
888 2264 313 115 referam?
1258 2264 362 115 Intellexit,
1677 2264 47 115 ut
1781 2264 295 115 arbitror,
2133 2264 38 115 ex
2266 2264 181 115 Frisio
2504 2264 85 115 tua
2646 2264 238 115 pietas,
2950 2264 133 115 quam
3188 2264 181 115 aegre
3435 2264 200 115 careat
3692 2264 256 115 pastore
4005 2264 162 115 bono

678 2388 127 70 viro
877 2388 272 70 ecclesia
1230 2388 471 70 Altstetensis``'

703 2486 62 101 Da
817 2486 41 101 in
941 2486 227 101 Deinem
1272 2486 403 101 undatierten
1758 2486 165 101 Brief
1985 2486 93 101 das
2130 2486 176 101 Wort
2368 2486 196 101 nuper
2616 2486 279 101 (Amisit
2947 2486 228 101 nuper)
3247 2486 352 101 gebraucht
3650 2486 186 101 wird,
3888 2486 155 101 kann

702 2601 135 91 Dein
924 2601 155 91 Brief
1137 2601 97 91 nur
1282 2601 116 91 vor
1466 2601 87 91 dem
1650 2601 87 91 19.
1795 2601 183 91 Mirz
2036 2601 165 91 1552
2259 2601 396 91 anzusetzen
2723 2601 155 91 sein,
2936 2601 125 91 und
3110 2601 145 91 falls
3313 2601 232 91 Kessel
3603 2601 174 91 seine
3854 2601 319 91 Entwiirfe

694 2711 550 104 chronologisch,
1304 2711 130 104 eine
1504 2711 150 104 Seite
1714 2711 140 104 nach
1944 2711 90 104 der
2084 2711 270 104 anderen
2434 2711 320 104 Schreibt,
2804 2711 70 104 ist
2934 2711 40 104 er
3034 2711 130 104 nach
3254 2711 90 104 dem
3464 2711 160 104 Brief
3674 2711 50 104 an
3814 2711 250 104 Bersius

683 2838 114 89 von
873 2838 391 89 September
1321 2838 152 89 1551
1540 2838 428 89 anzusetzen.

703 2933 275 102 Amstein
1045 2933 218 102 wurde
1339 2933 133 102 dann
1539 2933 114 102 von
1729 2933 86 102 dem
1910 2933 627 102 problematischen
2613 2933 285 102 Abraham
3003 2933 228 102 Klarer
3288 2933 247 102 ersetzt.
3602 2933 152 102 Dank
3849 2933 199 102 dieses

704 3046 271 98 Briefes,
1024 3046 155 98 kann
1247 3046 125 98 man
1440 3046 107 98 nun
1615 3046 232 98 unsere
1905 3046 184 98 Notiz
2147 3046 58 98 zu
2273 3046 223 98 Klarer
2544 3046 39 98 in
2661 3046 203 98 HBBW
2990 3046 68 98 XV
3164 3046 194 98 448f.,
3426 3046 184 98 Anm.
3668 3046 10 98 3
3736 3046 426 98 verbessern.

692 3159 190 96 Nicht
942 3159 180 96 schon
1202 3159 190 96 1550,
1442 3159 271 96 sondern
1793 3159 110 96 erst
1953 3159 140 96 nach
2183 3159 80 96 dem
2373 3159 90 96 19.
2513 3159 180 96 Marz
2763 3159 150 96 1552
2973 3159 101 96 kam
3184 3159 200 96 dieser
3454 3159 240 96 Pfarrer
3734 3159 110 96 von

707 3284 266 73 Urnasch
1052 3284 129 73 nach
1280 3284 326 73 Altstatten
