4940 7048
39 74 244 62 e,.

628 598 211 124 Rainer
886 598 248 124 Henrich
1217 598 221 124 datiert
1503 598 92 124 den
1669 598 147 124 Brief
1862 598 102 124 auf
2019 598 175 124 1574;

635 832 67 125 die
761 832 329 125 Datierung
1157 832 87 125 des
1302 832 175 125 Briefs
1525 832 58 125 an
1641 832 155 125 Hans
1854 832 213 125 Rudolf
2125 832 300 125 Bullinger
2464 832 164 125 halte
2667 832 67 125 ich
2802 832 87 125 fiir
2918 832 184 125 vollig
3160 832 329 125 gesichert,
3538 832 154 125 nicht
3751 832 116 125 nur,
3905 832 145 125 weil
4109 832 87 125 der

626 963 143 141 Brief
816 963 314 141 aufgrund
1187 963 86 141 der
1330 963 409 141 Reihenfolge
1806 963 86 141 der
1949 963 380 141 Abschriften
2386 963 352 141 hchstens
2795 963 96 141 aus
2948 963 152 141 einem
3195 963 324 141 spateren,
3566 963 162 141 nicht
3785 963 143 141 aber
3975 963 95 141 aus
4128 963 152 141 einem

610 1069 294 155 friiheren
959 1069 128 155 Jahr
1133 1069 312 155 stammen
1500 1069 266 155 knnte,
1821 1069 266 155 sondern
2142 1069 137 155 weil
2316 1069 129 155 man
2509 1069 220 155 gerade
2784 1069 27 155 in
2894 1069 183 155 diesen
3151 1069 174 155 fagen
3398 1069 83 155 auf
3536 1069 119 155 eine
3719 1069 468 155 Entscheidung
4224 1069 37 155 im

627 1212 607 160 Paradieseihandel
1278 1212 342 160 handelte.
1675 1212 198 160 Dieser
1917 1212 122 160 war
2083 1212 110 160 u.a.
2237 1212 221 160 wegen
2535 1212 88 160 der
2656 1212 276 160 Htaltung
2987 1212 110 160 Uris
3141 1212 33 160 im
3274 1212 264 160 Frihling
3594 1212 143 160 1574
3792 1212 33 160 in
3902 1212 89 160 der
4035 1212 297 160 Sschwebe

612 1351 133 138 (vgl.
796 1351 61 138 EA
928 1351 143 138 V/2a
1132 1351 102 138 532
1295 1351 112 138 und
1458 1351 132 138 535,
1651 1351 133 138 dazu
1835 1351 163 138 IV/2b
2079 1351 194 138 1039),
2334 1351 41 138 er
2416 1351 152 138 wird
2619 1351 123 138 auch
2803 1351 40 138 im
2935 1351 448 138 Briefwechsel
3424 1351 306 138 zwischen
3801 1351 194 138 UImer
4046 1351 214 138 und.

621 1473 290 135 Bullinger
960 1473 232 135 gerade
1230 1473 39 135 im
1356 1473 377 135 Mirz/April
1791 1473 145 135 1574
1984 1473 310 135 mehrfach
2371 1473 513 135 angesprochen.
2932 1473 39 135 Im
3067 1473 213 135 Diarium
3367 1473 319 135 berichtet
3744 1473 300 135 Bullinger
4092 1473 174 135 aufS.

618 1599 95 158 120
770 1599 181 158 unter
1008 1599 86 158 dem
1189 1599 38 158 6.
1284 1599 143 158 April
1484 1599 143 158 1574
1674 1599 152 158 iiber
1893 1599 67 158 die
2017 1599 323 158 Annahme
2407 1599 85 158 der
2549 1599 438 158 Schiedmittel
3044 1599 152 158 durch
3272 1599 495 158 Schaffhausen.

614 2018 308 154 Reinhard
978 2018 457 154 Bodenmanni:
1473 2018 327 154 vielleicht
1846 2018 66 154 ist
1977 2018 93 154 der
2126 2018 140 154 Brief
2313 2018 187 154 schon
2556 2018 103 154 aus
2724 2018 84 154 dem
2901 2018 131 154 Jahr
3088 2018 150 154 1572

600 2242 338 133 Wirhaben
1006 2242 96 133 alle
1151 2242 348 133 undatierte
1567 2242 174 133 Briefe
1808 2242 319 133 Bullingers
2195 2242 39 133 an
2301 2242 87 133 HR
2456 2242 310 133 entweder
2804 2242 29 133 in
2891 2242 145 133 hbbw
3133 2242 135 133 oder
3326 2242 136 133 dann
3529 2242 87 133 auf
3675 2242 87 133 den
3829 2242 426 133 Mikrofischen

640 2355 342 121 berflogen.
1039 2355 218 121 Heiner
1324 2355 180 121 dieser
1571 2355 180 121 Briefe
1808 2355 219 121 enthalt
2093 2355 57 121 die
2198 2355 104 121 von
2378 2355 67 121 Dir
2502 2355 304 121 gesandte
2873 2355 304 121 Passage.
3243 2355 105 121 Der
3405 2355 133 121 Brief
3576 2355 76 121 ist
3699 2355 114 121 also
3870 2355 380 121 unbekannt.

601 2464 87 127 Mit
736 2464 252 127 grossem
1094 2464 320 127 Besorgnis
1462 2464 165 127 habe
1675 2464 68 127 ich
1820 2464 136 127 aber
2024 2464 164 127 dabei
2227 2464 397 127 festgestellt,
2692 2464 135 127 dass
2885 2464 184 127 einige
3137 2464 87 127 der
3273 2464 309 127 angeblich
3650 2464 378 127 undatierten
4105 2464 174 127 Briefe

603 2576 1259 151 5teeeeteet
1923 2576 622 151 etndvnesaret
2605 2576 1123 151 eenansyeeensn.n
3803 2576 167 151 aenen
4046 2576 61 151 se
4183 2576 91 151 seh

589 2684 37 118 in
690 2684 257 118 unserer
1002 2684 156 118 Datei
1203 2684 321 118 befindenl
1589 2684 651 118 Dementsprechend
2286 2684 247 118 mussen
2597 2684 28 118 in
2698 2684 220 118 einigen
2992 2684 174 118 Fallen
3248 2684 431 118 Brief-Fischen
3734 2684 156 118 viele
3955 2684 165 118 Jahre

594 2797 201 137 frher
845 2797 411 137 eingeordnet
1296 2797 280 137 werden,
1616 2797 171 137 wenn
1847 2797 130 137 man
2047 2797 61 137 sie
2178 2797 200 137 spater
2418 2797 161 137 nicht
2609 2797 361 137 vergessen
3020 2797 120 137 will.
3180 2797 120 137 Wir
3340 2797 191 137 haben
3601 2797 100 137 uns
3771 2797 151 137 diese
3992 2797 271 137 Aufgabe

594 2906 223 119 notiert.
866 2906 183 119 Wann
1117 2906 329 119 allerdings
1485 2906 97 119 wir
1640 2906 106 119 Zeit
1804 2906 155 119 dafur
2008 2906 184 119 finden
2250 2906 280 119 werden,
2569 2906 145 119 wei8
2772 2906 59 119 ich
2908 2906 136 119 noch
3111 2906 175 119 nicht.

609 3020 197 137 Zuruck
879 3020 41 137 zu
992 3020 218 137 Deinem
1313 3020 155 137 Fund
1510 3020 114 137 und
1675 3020 238 137 namlich
1986 3020 93 137 zum
2182 3020 166 137 Datum
2451 3020 94 137 des
2607 3020 238 137 Briefes.
2917 3020 93 137 Der
3072 3020 135 137 Brief
3248 3020 62 137 ist
3362 3020 238 137 meines
3673 3020 320 137 Erachtens
4055 3020 156 137 nicht
4242 3020 31 137 in

609 3128 89 131 das
766 3128 129 131 Jahr
944 3128 148 131 1574
1151 3128 423 131 anzusetzen,
1633 3128 247 131 sondern
1939 3128 29 131 in
2057 3128 89 131 das
2205 3128 128 131 Jahr
2392 3128 167 131 1572,
2609 3128 206 131 wegen
2894 3128 89 131 den
3062 3128 98 131 dort
3219 3128 404 131 angefhrten
3673 3128 334 131 'Paradies
4067 3128 285 131 Handel',

607 3246 1436 151 AeeePeeeeevemvteniasst.
2098 3246 136 151 noehn
2303 3246 246 151 zemlch
2631 3246 82 151 neu
2781 3246 109 151 und
2959 3246 697 151 BuInernoehnnehnt
3711 3246 287 151 socnto
4053 3246 273 151 bekannt

583 3359 86 116 ist.
735 3359 86 116 Fur
878 3359 95 116 das
1040 3359 172 116 Datum
1307 3359 238 116 schicke
1592 3359 67 116 ich
1745 3359 66 116 Dir
1878 3359 86 116 den
2021 3359 95 116 von
2183 3359 95 116 mir
2326 3359 143 116 ganz
2535 3359 114 116 grob
2726 3359 371 116 annotierten
3173 3359 134 116 Brief
3373 3359 324 116 Bullingers
3754 3359 48 116 an
3859 3359 86 116 HR
4002 3359 104 116 von

722 3466 733 132 9ee.

736 3560 324 88 ..-c
