2469 1745
39 57 87 53 Datum

99 165 100 68 159
260 165 121 68 April
441 165 34 68 6.

40 467 179 40 Autograph

39 546 144 79 standort
222 546 98 79 -ii
483 546 65 79 .4,

34 710 82 76 so.
280 710 0 76 I
411 710 16 76 r;
501 710 0 76 3

36 817 129 40 Umfang

38 954 137 71 Sprache

39 1144 154 33 Gedruckt

826 78 171 34 Absender

1083 93 0 49 L
1114 93 57 49 eder
1233 93 76 49 eeaee

873 173 150 60 Leyer
1092 173 149 60 Thomnas

994 279 0 51 7

817 468 91 39 Kopie

826 566 145 53 Standort

829 718 77 40 Slon.

823 817 129 40 Umfang

933 853 5 57 ft
1054 853 0 57 t
1156 853 83 57 fe.e
1340 853 25 57 .i
1437 853 44 57 teg

1639 55 246 85 ]Empfanaer

1639 143 364 100 ](Bullinger
2053 143 252 100 Heinrieh)

1683 468 192 39 Photokople
1974 468 31 39 ZB

1684 566 66 56 Bull.
1783 566 72 56 Corr.
2003 566 0 56 4

1681 715 167 37 AbschrIft
1976 715 33 37 ZB

1641 810 106 65 ]sull.
1781 810 73 65 co.
1968 810 33 65 14
2128 810 120 65 B1.l,
2308 810 60 65 9.l

821 939 48 68 Der
898 939 461 68 Bullinger-Korrespondent,
1388 939 43 68 der
1456 939 14 68 in
1514 939 82 68 Euren
1635 939 174 68 Unterlagen
1843 939 97 68 (wohl
1964 939 102 68 wegen
2100 939 78 68 eines
2216 939 189 68 Lesefehlers

809 1005 50 53 von
894 1005 135 53 Schiess)
1059 1005 35 53 als
1129 1005 126 53 Thomas
1290 1005 115 53 Leyner
1430 1005 120 53 gefiihrt
1570 1005 85 53 wird,
1680 1005 30 53 ist
1740 1005 40 53 der
1815 1005 105 53 Diakon
1965 1005 121 53 Thomas
2121 1005 280 53 Leymer/Leimer,

820 1055 53 57 der,
902 1055 34 57 die
979 1055 131 57 Abtissin
1148 1055 53 57 von
1255 1055 164 57 Sackingen
1462 1055 145 57 heiratete
1651 1055 53 57 und
1748 1055 38 57 dem
1854 1055 130 57 Bigamie
2023 1055 218 57 vorgeworfen
2284 1055 116 57 wurde.

811 1109 135 56 Nheres
971 1109 75 56 iber
1076 1109 75 56 diese
1186 1109 100 56 Affare
1316 1109 30 56 ist
1371 1109 20 56 im
1446 1109 150 56 Tagebuch
1632 1109 50 56 von
1727 1109 60 56 Gast
1812 1109 30 56 zu
1872 1109 115 56 finden;
2022 1109 35 56 die
2092 1109 255 56 Angelegenheit
2372 1109 30 56 ist

812 1164 150 53 zwischen
1012 1164 65 53 Dez.
1117 1164 75 53 1548
1232 1164 55 53 und
1322 1164 65 53 Mai
1427 1164 70 53 1549
1537 1164 65 53 auch
1647 1164 15 53 in
1717 1164 105 53 Briefen
1867 1164 50 53 von
1962 1164 170 53 Myconius
2167 1164 60 53 und
2272 1164 65 53 Gast
2372 1164 20 53 an

817 1217 155 54 Bullinger
1007 1217 146 54 erwahnt.
1188 1217 35 54 Ich
1263 1217 75 54 habe
1378 1217 35 54 die
1458 1217 206 54 Unterschrift
1694 1217 15 54 in
1759 1217 135 54 Leymers
1939 1217 75 54 Brief
2044 1217 50 54 vom
2155 1217 15 54 6.
2210 1217 80 54 April
2330 1217 70 54 1549

807 1269 114 62 (Zurich
963 1269 67 62 StA,
1061 1269 5 62 E
1092 1269 21 62 II
1134 1269 67 62 355,
1232 1269 67 62 131)
1325 1269 171 62 iiberpruift,
1527 1269 16 62 es
1569 1269 31 62 ist
1626 1269 207 62 zweifelsfrei
1864 1269 119 62 Leyer
2009 1269 26 62 zu
2066 1269 73 62 lesen

822 1371 234 81 Bemerkunan
1123 1371 80 81 lein
1263 1371 368 81 underthenie-.
1664 1371 0 81 .
1751 1371 60 81 ueh
1878 1371 60 81 ist
2005 1371 20 81 aw
2085 1371 134 81 wisee
2332 1371 74 81 xie
2459 1371 0 81 4

1109 1435 57 69 ich
1229 1435 62 69 bey
1359 1435 86 69 eiich
1513 1435 119 69 eampt
1701 1435 295 69 Gwallteroin
2064 1435 125 69 euwer
2240 1435 165 69 behau-

1112 1510 101 38 sung
