2473 3524
34 31 106 49 ..

84 1742 0 72 9

508 464 68 63 und
610 464 108 63 syend
752 464 63 63 also
854 464 17 63 in
911 464 165 63 hchster
1110 464 51 63 lieb
1207 464 68 63 und
1309 464 222 63 frintschafft
1565 464 290 63 abgescheyden.
1889 464 74 63 Man
2002 464 86 63 habe

515 524 70 54 ouch
633 524 107 54 geredt
772 524 59 54 vom
879 524 315 54 piindtschweren,
1221 524 64 54 und
1317 524 27 54 so
1381 524 49 54 das
1456 524 193 54 beschahe,
1686 524 43 54 das
1767 524 69 54 ouch
1890 524 37 54 die
1959 524 128 54 fr6mb-

520 578 44 60 den
619 578 72 60 daby
746 578 132 60 sihind,
928 578 44 60 das
1016 578 66 60 man
1137 578 66 60 eins
1247 578 100 60 were,
1391 578 60 60 und
1490 578 171 60 wtind,
1711 578 44 60 das
1804 578 17 60 sy
1881 578 56 60 sich
1986 578 99 60 unser

508 634 192 51 zwytracht
734 634 51 51 nit
831 634 147 51 dorffind
1012 634 113 51 weder
1159 634 6 51 z
1227 634 120 51 trosten
1392 634 74 51 noch
1511 634 6 51 z
1579 634 147 51 frwen.
1760 634 40 51 Ist
1840 634 68 51 ouch
1964 634 108 51 darvon

512 691 128 58 geredt,
677 691 48 58 das
757 691 69 58 man
869 691 101 58 yedes
1013 691 37 58 ort
1082 691 75 58 nach
1205 691 80 58 sinem
1349 691 139 58 glouben
1530 691 171 58 schweren
1744 691 101 58 lasse,
1877 691 64 58 und
1973 691 16 58 in
2042 691 38 58 die

509 746 166 57 abscheid
712 746 225 57 genommen,
979 746 70 57 doch
1092 746 69 57 kein
1199 746 117 57 andern
1359 746 48 57 tag
1445 746 187 57 angesetzt,
1669 746 134 57 sunder,
1835 746 150 57 welchem
2049 746 37 57 ort

511 802 151 60 neiBwas
703 802 205 60 angelgen,
949 802 70 60 mag
1060 802 29 60 an
1130 802 58 60 min
1241 802 140 60 gnadige
1416 802 111 60 herren
1574 802 58 60 von
1685 802 111 60 Zirych
1848 802 65 60 umb
1959 802 53 60 tag
2053 802 29 60 zfi

508 855 205 66 beschriben
748 855 152 66 werben.
947 855 23 66 Es
1005 855 35 66 ist
1081 855 70 66 ouch
1192 855 59 66 von
1298 855 47 66 der
1374 855 117 66 miintz
1526 855 64 66 und
1625 855 77 66 saltz
1742 855 194 66 gehandlet,
1977 855 23 66 da
2035 855 41 66 ich

516 914 44 60 den
609 914 99 60 grund
741 914 77 60 noch
868 914 49 60 nitt
950 914 105 60 wei;
1093 914 72 60 dann
1203 914 44 60 ich
1297 914 44 60 dem
1401 914 55 60 nitt
1484 914 60 60 wie
1588 914 44 60 dem
1687 914 231 60 vorermelten
1957 914 126 60 houpt-

505 969 126 63 handel
661 969 229 63 nachgefragt
920 969 72 63 hab,
1022 969 66 63 und
1118 969 96 63 horen
1256 969 90 63 ouch,
1388 969 18 63 da
1478 969 42 63 des
1556 969 187 63 Paradyses
1773 969 144 63 handels
1947 969 54 63 nitt
2025 969 54 63 vyl

511 1026 146 59 gedacht
692 1026 82 59 sye,'
820 1026 30 59 So
885 1026 40 59 ist
966 1026 47 59 der
1060 1026 140 59 FranzoB
1241 1026 239 59 frkummen;
1521 1026 70 59 dann
1650 1026 41 59 der
1726 1026 105 59 konig
1878 1026 41 59 den
1965 1026 105 59 herren

515 1082 164 60 Bellievre
714 1082 76 60 heru
854 1082 193 60 geschickt,
1083 1082 46 60 den
1164 1082 106 60 knig
1305 1082 23 60 zf
1369 1082 146 60 schonen
1551 1082 58 60 von
1650 1082 88 60 sines
1773 1082 129 60 mordts
1931 1082 152 60 wagen';

515 1138 0 79 A
695 1138 45 79 se
778 1138 120 79 laeeen
950 1138 76 79 dath
1131 1138 105 79 eeleet
1296 1138 105 79 darinn
1446 1138 22 79 er
1506 1138 45 79 uff
1589 1138 180 79 admniralen
1814 1138 82 79 selig
1934 1138 60 79 und
2039 1138 37 79 die

505 1190 88 51 sinen
634 1190 100 51 alles'
757 1190 6 51 .
786 1190 6 51 .
822 1190 23 51 ..

847 1192 0 45 .
875 1192 7 45 .
925 1192 0 45 A

496 2752 0 62 '
528 2752 89 62 Dieser
650 2752 80 62 Hand
753 2752 56 62 war
846 2752 187 62 Gegenstandt
1071 2752 37 62 der
1141 2752 103 62 Tagsat-
1333 2752 0 62 `
1361 2752 42 62 Die
1436 2752 210 62 Bartholomaus
1679 2752 84 62 Nacht
1791 2752 89 62 15727

562 2816 61 47 zung
661 2816 33 47 der
722 2816 0 47 V
766 2816 204 47 Katholischen
1014 2816 49 47 Orte
1091 2816 16 47 in
1146 2816 88 47 Luzemn
1355 2816 55 47 Vgl.
1504 2816 110 47 EAa]
1636 2816 60 47 IV/2
1729 2816 77 47 506i.

659 2860 12 59 5.
707 2860 60 59 Mai
803 2860 78 59 1572;
917 2860 12 59 s.
965 2860 180 59 IEAa]
1181 2860 54 59 IV2
1361 2860 246 59 Unvollstndiger
1643 2860 72 59 Brief.

560 2907 57 38 492.

565 3002 0 49 2

2262 1757 152 77 79
