2480 1821
354 76 135 38 Schluss
531 76 42 38 des
615 76 141 38 Briefes:

355 128 178 52 Postremas
561 128 61 52 tuas
650 128 145 52 vigil[i]as
823 128 117 52 accepi,
963 128 71 52 libri
1062 128 89 52 digni,
1183 128 220 52 quilegantur,
1427 128 28 52 ac
1492 128 42 52 deo
1567 128 66 52 meo
1670 128 103 52 gratias
1801 128 70 52 ago.

353 243 53 55 Mit
435 243 97 55 diesen
561 243 116 55 vigilias
706 243 29 55 ist
768 243 44 55 das
851 243 145 55 Ergebnis
1025 243 198 55 nichtlicher
1257 243 106 55 Arbeit
1387 243 24 55 zu
1440 243 170 55 verstehen
1644 243 43 55 (-
1726 243 280 55 Lucubrationes).

358 302 136 45 Dadurch
531 302 75 45 wird
634 302 51 45 uns
713 302 56 45 also
802 302 84 45 nicht
914 302 89 45 etwas
1031 302 52 45 zum
1129 302 103 45 Inhalt
1260 302 70 45 oder
1359 302 51 45 zum
1471 302 61 45 Titel
1564 302 42 45 der
1639 302 112 45 Schrift
1784 302 168 45 Bullingers

349 358 158 51 verraten.
540 358 80 51 Doch
662 358 37 51 die
732 358 70 51 oben
834 358 131 51 moglich
1007 358 164 51 gemachte
1199 358 145 51 zeitliche
1386 358 205 51 Einordnung
1619 358 154 51 zwischen
1820 358 79 51 Ende

355 413 190 55 September
575 413 70 55 1551
675 413 65 55 und
771 413 125 55 Anfang
921 413 85 55 Mirz
1036 413 75 55 1552
1141 413 120 55 erlaubt
1296 413 30 55 die
1356 413 220 55 Vermutung,
1611 413 56 55 dass
1692 413 20 55 in
1752 413 95 55 diesem
1902 413 75 55 Brief
1997 413 55 55 von

360 474 43 49 der
437 474 112 49 Pertio
578 474 160 49 cbristianor
815 474 136 49 (VD16,
985 474 5 49 B
1019 474 92 49 9660)
1150 474 170 49 Bullingers
1353 474 39 49 die
1426 474 73 49 Rede
1528 474 29 49 ist

394 526 1515 54 ttlligilzase2nbissxiscfeeglea2lZLZ252L)
1948 526 98 54 dessen

354 582 150 53 Vorwort
528 582 53 53 von
620 582 193 53 September
837 582 73 53 1551
948 582 107 53 datiert
1079 582 63 53 und
1176 582 38 53 das
1243 582 179 53 Iolophon
1471 582 140 53 Oktober
1640 582 72 53 1551
1741 582 141 53 anfiihrt.
1915 582 63 53 Also

350 639 107 43 wiirde
481 639 37 43 ich
565 639 65 43 dazu
658 639 159 43 tendieren
864 639 108 43 Deinen
1018 639 75 43 Brief
1112 639 56 43 von
1215 639 140 43 Oktober
1388 639 220 43 /November
1636 639 70 43 1551
1739 639 28 43 zu
1804 639 145 43 datieren.
