2467 1742
685 597 167 54 Jan-hndrea
893 597 175 54 BNHIARD,
1127 597 77 54 Briefe
1231 597 22 54 an
1285 597 122 54 Heinrich
1447 597 126 54 Bullinger
1596 597 18 54 im
1664 597 54 54 Blick
1754 597 40 54 auf

693 645 178 48 Entstehung,
919 645 148 48 Abfassung
1110 645 52 48 und
1206 645 139 48 Rezeption
1401 645 35 48 der
1475 645 156 48 `Confessio
1683 645 109 48 Raetica'

685 691 160 50 (1552/53),
865 691 15 50 in
905 691 0 50 :
940 691 145 50 Zvingti,
1120 691 35 50 Bd.
1180 691 35 50 40,
1246 691 70 50 2013,
1346 691 15 50 S.
1386 691 90 50 37-71.
1501 691 20 50 In
1556 691 75 50 diesem
1681 691 90 50 Aufsat

685 738 54 47 sind
761 738 126 47 folgende
914 738 77 47 Briefe
1013 738 216 47 veroffentlicht:

739 798 0 43 -
762 798 42 43 Pier
827 798 58 43 Paolo
904 798 103 43 Vergerio
1030 798 16 43 an
1076 798 115 43 Bullinger,
1214 798 31 43 15.
1264 798 134 43 November
1421 798 62 43 1552,
1502 798 65 43 aufS.
1586 798 73 43 55-57.

739 838 130 48 -Johannes
913 838 104 48 omander
1039 838 39 48 und
1104 838 73 48 Philipp
1212 838 100 48 Gallicius
1334 838 17 48 an
1381 838 117 48 Bullinger,
1520 838 26 48 12.
1572 838 130 48 Dezember
1728 838 57 48 1552,

797 877 37 28 auf
854 877 12 28 S.
887 877 73 28 57-59.

737 915 132 47 -ohannes
901 915 120 47 Comander
1041 915 44 47 und
1113 915 72 47 Philipp
1225 915 100 47 Gallicius
1349 915 16 47 an
1397 915 120 47 Bullinger,
1545 915 8 47 6.
1577 915 64 47 Mirz
1669 915 60 47 1553,
1753 915 32 47 auf

800 954 12 26 S.
832 954 72 26 59-62.

736 991 131 47 -Johannes
897 991 121 47 Comander
1036 991 43 47 und
1105 991 74 47 Philipp
1214 991 100 47 Gallicius
1340 991 13 47 an
1387 991 118 47 Bullinger,
1526 991 31 47 22.
1583 991 60 47 April
1669 991 61 47 1ss3,
1752 991 35 47 aur

800 1030 13 26 S.
834 1030 73 26 62-67.

734 1067 0 39 -
759 1067 74 39 Philipp
866 1067 103 39 Gallicius
987 1067 15 39 an
1031 1067 118 39 Bullinger,
1171 1067 11 39 6.
1204 1067 51 39 Juni
1274 1067 62 39 1553,
1354 1067 37 39 auf
1409 1067 11 39 S.
1443 1067 73 39 67-69.

734 1105 0 41 -
756 1105 77 41 Philipp
866 1105 100 41 Gallicius
988 1105 14 41 an
1032 1105 118 41 Bullinger,
1172 1105 11 41 2.
1205 1105 136 41 Septemnber
1363 1105 66 41 1553,
1448 1105 33 41 auf
1503 1105 11 41 S.
1536 1105 70 41 69-71.
