2458 1741
164 105 266 73 ---ftmet
551 105 32 73 ur
672 105 216 73 teopie
951 105 114 73 durch
1135 105 210 73 Dr.Ernst
1440 105 95 73 och,
1592 105 210 73 Eisenach

263 263 147 51 Zuirich
477 263 60 51 zB,
637 263 234 51 Bib1.60x

1096 252 114 60 Bibel
1306 252 180 60 eiitsch,
1552 252 60 60 das
1666 252 66 60 ist
1792 252 96 60 alle
1942 252 162 60 bicher
2158 252 102 60 Alts
2308 252 72 60 und

1087 303 128 70 Neiiws
1303 303 252 70 estaments
1613 303 6 70 /
1672 303 64 70 der
1830 303 363 70 rspriinglichen
2257 303 158 70 spraa-

1091 367 63 72 ehe
1275 367 51 72 eeh
1402 367 0 72 /
1459 367 127 72 auffs
1644 367 120 72 aller
1822 367 343 72 treiiwlichest
2215 367 109 72 ve-

1083 424 282 52 teiitschet.

1118 466 100 64 arzi
1276 466 100 64 sind
1417 466 199 64 yetzund
1663 466 128 64 koiien
1856 466 152 64 ein...
2102 466 275 64 egister..-

1119 522 186 60 etruckt
1366 522 31 60 zti
1459 522 142 60 Ziirich
1663 522 68 60 bey
1817 522 284 60 histoffe1
2163 522 99 60 Pro-

1091 578 186 78 schouer
1339 578 0 78 /
1394 578 25 78 im
1518 578 31 78 ar
1611 578 62 78 als
1728 578 62 78 man
1858 578 87 78 zalt
2031 578 254 78 M.D.XLII.

637 691 420 53 Besitzvermerke:
1115 691 187 53 Mauriti
1401 691 53 53 sum
1518 691 6 53 5
1577 691 192 53 Aprilis
1828 691 58 53 8.

1084 739 96 56 Nunc
1240 739 30 56 in
1342 739 300 56 Pibliotheca
1727 739 276 56 igurinarumn
2063 739 246 56 publica.-

621 828 222 49 Widmunga

528 1041 159 38 hinten

627 1093 370 40 Vorsatzblatt:

1091 816 370 59 Chistophorus
1512 816 159 59 Kaesar
1762 816 188 59 auritio
2007 816 96 59 dono
2166 816 119 59 dedit

1081 881 0 47 V
1151 881 192 47 Aprilis
1394 881 70 47 158

1088 928 281 45 Innenseite
1429 928 60 45 des
1577 928 182 45 eckels:
1825 928 121 45 Gebet
2001 928 72 45 und
2133 928 22 45 Ex
2227 928 203 45 Libiris.

1085 1090 131 50 Kopie
1273 1090 68 50 des
1404 1090 176 50 Briefes
1637 1090 62 50 von
1767 1090 245 50 Bullinger
2069 1090 28 50 an
2154 1090 131 50 loriz

1117 1145 285 53 chneewolf1
1458 1145 93 53 1567
1613 1145 155 53 Oktobe
1892 1145 25 53 5.

1092 1193 298 62 (Vermutlich
1454 1193 70 62 158
1600 1193 70 62 von
1735 1193 280 62 Ohr.aesar
2062 1193 228 62 kopiert)

1087 1270 66 48 auf
1214 1270 60 48 der
1329 1270 254 48 Riickseite
1649 1270 231 48 "Notandum
1941 1270 99 48 bene
2067 1270 99 48 ...'

634 1350 338 60 eingeklebtes
1036 1350 140 60 Blatt:
1240 1350 94 60 lat.
1456 1350 187 60 zihlung

629 1385 368 77 iiiaiia.
1089 1385 225 77 iiii
1365 1385 552 77 aiaPuss.
2111 1385 31 77 ee
2254 1385 41 77 ee

1095 1460 117 53 Sibel
1271 1460 29 53 in
1359 1460 292 53 traueneld
1698 1460 64 53 vomn
1833 1460 210 53 Landvogt
2096 1460 164 53 Kaspar

1080 1507 277 60 Wyssenbach
1420 1507 62 60 von
1573 1507 277 60 nterwalden
1913 1507 306 60 aufgebunden
2275 1507 131 60 wurde

1080 1573 0 63 w
1277 1573 0 63 g
1417 1573 288 63 yerennen
1761 1573 196 63 berahl,
2013 1573 70 63 was
2147 1573 133 63 nicht

1077 1620 283 48 ausgefiihrt
1410 1620 161 48 wurde.
