<?xml version="1.0" encoding="UTF-8"?>
<alto xmlns:xsi="http://www.w3.org/2001/XMLSchema-instance"
	xmlns="http://www.loc.gov/standards/alto/ns-v4#"
	xsi:schemaLocation="http://www.loc.gov/standards/alto/ns-v4# http://www.loc.gov/standards/alto/v4/alto-4-0.xsd">
	<Description>
		<MeasurementUnit>pixel</MeasurementUnit>
		<sourceImageInformation>
			<fileName>/var/folders/rg/b9n_00t151zd086p_fbb3kcr0000gn/T/tmpt5tpej_q</fileName>
		</sourceImageInformation>
		<OCRProcessing ID="OCR_0">
			<ocrProcessingStep>
				<processingSoftware>
					<softwareName>kraken</softwareName>
				</processingSoftware>
			</ocrProcessingStep>
		</OCRProcessing>
	</Description>

	<Layout>
		<Page WIDTH="2460" HEIGHT="1737" PHYSICAL_IMG_NR="0" ID="page_0">
			<PrintSpace HPOS="0" VPOS="0" WIDTH="2460" HEIGHT="1737">
				<TextBlock HPOS="0" VPOS="0" ID="textblock_0" WIDTH="2460" HEIGHT="1737">
					<TextLine ID="line_0"
						  HPOS="690"
						  VPOS="524" 
						  WIDTH="1110" 
						  HEIGHT="48">
							<String ID="segment_0"
								CONTENT="Jan-Andrea" 
								HPOS="690" 
								VPOS="524"
								WIDTH="169" 
								HEIGHT="48" 
								WC="0.9418">
								<Glyph ID="char_0" 
								       CONTENT="J"
								       HPOS="690"
								       VPOS="524"
								       WIDTH="0"
								       HEIGHT="48"
								       GC="0.8164">
								</Glyph>
								<Glyph ID="char_1" 
								       CONTENT="a"
								       HPOS="707"
								       VPOS="524"
								       WIDTH="0"
								       HEIGHT="48"
								       GC="1.0">
								</Glyph>
								<Glyph ID="char_2" 
								       CONTENT="n"
								       HPOS="724"
								       VPOS="524"
								       WIDTH="0"
								       HEIGHT="48"
								       GC="0.6534">
								</Glyph>
								<Glyph ID="char_3" 
								       CONTENT="-"
								       HPOS="742"
								       VPOS="524"
								       WIDTH="4"
								       HEIGHT="48"
								       GC="1.0">
								</Glyph>
								<Glyph ID="char_4" 
								       CONTENT="A"
								       HPOS="763"
								       VPOS="524"
								       WIDTH="0"
								       HEIGHT="48"
								       GC="1.0">
								</Glyph>
								<Glyph ID="char_5" 
								       CONTENT="n"
								       HPOS="785"
								       VPOS="524"
								       WIDTH="0"
								       HEIGHT="48"
								       GC="0.9999">
								</Glyph>
								<Glyph ID="char_6" 
								       CONTENT="d"
								       HPOS="811"
								       VPOS="524"
								       WIDTH="4"
								       HEIGHT="48"
								       GC="1.0">
								</Glyph>
								<Glyph ID="char_7" 
								       CONTENT="r"
								       HPOS="828"
								       VPOS="524"
								       WIDTH="0"
								       HEIGHT="48"
								       GC="0.9483">
								</Glyph>
								<Glyph ID="char_8" 
								       CONTENT="e"
								       HPOS="841"
								       VPOS="524"
								       WIDTH="5"
								       HEIGHT="48"
								       GC="1.0">
								</Glyph>
								<Glyph ID="char_9" 
								       CONTENT="a"
								       HPOS="854"
								       VPOS="524"
								       WIDTH="5"
								       HEIGHT="48"
								       GC="1.0">
								</Glyph>
							</String>
							<SP ID="segment_1"
							    HPOS="867" 
							    VPOS="524"
							    WIDTH="9" 
							    HEIGHT="48"/>
							<String ID="segment_2"
								CONTENT="BIRNIIARD," 
								HPOS="893" 
								VPOS="524"
								WIDTH="183" 
								HEIGHT="48" 
								WC="0.9933">
								<Glyph ID="char_11" 
								       CONTENT="B"
								       HPOS="893"
								       VPOS="524"
								       WIDTH="5"
								       HEIGHT="48"
								       GC="1.0">
								</Glyph>
								<Glyph ID="char_12" 
								       CONTENT="I"
								       HPOS="911"
								       VPOS="524"
								       WIDTH="0"
								       HEIGHT="48"
								       GC="1.0">
								</Glyph>
								<Glyph ID="char_13" 
								       CONTENT="R"
								       HPOS="937"
								       VPOS="524"
								       WIDTH="0"
								       HEIGHT="48"
								       GC="0.9333">
								</Glyph>
								<Glyph ID="char_14" 
								       CONTENT="N"
								       HPOS="954"
								       VPOS="524"
								       WIDTH="4"
								       HEIGHT="48"
								       GC="1.0">
								</Glyph>
								<Glyph ID="char_15" 
								       CONTENT="I"
								       HPOS="980"
								       VPOS="524"
								       WIDTH="0"
								       HEIGHT="48"
								       GC="1.0">
								</Glyph>
								<Glyph ID="char_16" 
								       CONTENT="I"
								       HPOS="998"
								       VPOS="524"
								       WIDTH="0"
								       HEIGHT="48"
								       GC="1.0">
								</Glyph>
								<Glyph ID="char_17" 
								       CONTENT="A"
								       HPOS="1011"
								       VPOS="524"
								       WIDTH="0"
								       HEIGHT="48"
								       GC="1.0">
								</Glyph>
								<Glyph ID="char_18" 
								       CONTENT="R"
								       HPOS="1032"
								       VPOS="524"
								       WIDTH="0"
								       HEIGHT="48"
								       GC="1.0">
								</Glyph>
								<Glyph ID="char_19" 
								       CONTENT="D"
								       HPOS="1058"
								       VPOS="524"
								       WIDTH="0"
								       HEIGHT="48"
								       GC="1.0">
								</Glyph>
								<Glyph ID="char_20" 
								       CONTENT=","
								       HPOS="1071"
								       VPOS="524"
								       WIDTH="5"
								       HEIGHT="48"
								       GC="1.0">
								</Glyph>
							</String>
							<SP ID="segment_3"
							    HPOS="1080" 
							    VPOS="524"
							    WIDTH="9" 
							    HEIGHT="48"/>
							<String ID="segment_4"
								CONTENT="Briefe" 
								HPOS="1132" 
								VPOS="524"
								WIDTH="78" 
								HEIGHT="48" 
								WC="0.9961">
								<Glyph ID="char_22" 
								       CONTENT="B"
								       HPOS="1132"
								       VPOS="524"
								       WIDTH="0"
								       HEIGHT="48"
								       GC="1.0">
								</Glyph>
								<Glyph ID="char_23" 
								       CONTENT="r"
								       HPOS="1154"
								       VPOS="524"
								       WIDTH="0"
								       HEIGHT="48"
								       GC="1.0">
								</Glyph>
								<Glyph ID="char_24" 
								       CONTENT="i"
								       HPOS="1162"
								       VPOS="524"
								       WIDTH="0"
								       HEIGHT="48"
								       GC="1.0">
								</Glyph>
								<Glyph ID="char_25" 
								       CONTENT="e"
								       HPOS="1175"
								       VPOS="524"
								       WIDTH="5"
								       HEIGHT="48"
								       GC="1.0">
								</Glyph>
								<Glyph ID="char_26" 
								       CONTENT="f"
								       HPOS="1193"
								       VPOS="524"
								       WIDTH="0"
								       HEIGHT="48"
								       GC="0.9768">
								</Glyph>
								<Glyph ID="char_27" 
								       CONTENT="e"
								       HPOS="1206"
								       VPOS="524"
								       WIDTH="4"
								       HEIGHT="48"
								       GC="0.9999">
								</Glyph>
							</String>
							<SP ID="segment_5"
							    HPOS="1219" 
							    VPOS="524"
							    WIDTH="8" 
							    HEIGHT="48"/>
							<String ID="segment_6"
								CONTENT="an" 
								HPOS="1236" 
								VPOS="524"
								WIDTH="22" 
								HEIGHT="48" 
								WC="1.0">
								<Glyph ID="char_29" 
								       CONTENT="a"
								       HPOS="1236"
								       VPOS="524"
								       WIDTH="4"
								       HEIGHT="48"
								       GC="1.0">
								</Glyph>
								<Glyph ID="char_30" 
								       CONTENT="n"
								       HPOS="1253"
								       VPOS="524"
								       WIDTH="5"
								       HEIGHT="48"
								       GC="1.0">
								</Glyph>
							</String>
							<SP ID="segment_7"
							    HPOS="1271" 
							    VPOS="524"
							    WIDTH="8" 
							    HEIGHT="48"/>
							<String ID="segment_8"
								CONTENT="Heinrich" 
								HPOS="1292" 
								VPOS="524"
								WIDTH="117" 
								HEIGHT="48" 
								WC="0.9929">
								<Glyph ID="char_32" 
								       CONTENT="H"
								       HPOS="1292"
								       VPOS="524"
								       WIDTH="5"
								       HEIGHT="48"
								       GC="1.0">
								</Glyph>
								<Glyph ID="char_33" 
								       CONTENT="e"
								       HPOS="1323"
								       VPOS="524"
								       WIDTH="4"
								       HEIGHT="48"
								       GC="1.0">
								</Glyph>
								<Glyph ID="char_34" 
								       CONTENT="i"
								       HPOS="1336"
								       VPOS="524"
								       WIDTH="0"
								       HEIGHT="48"
								       GC="0.949">
								</Glyph>
								<Glyph ID="char_35" 
								       CONTENT="n"
								       HPOS="1349"
								       VPOS="524"
								       WIDTH="0"
								       HEIGHT="48"
								       GC="1.0">
								</Glyph>
								<Glyph ID="char_36" 
								       CONTENT="r"
								       HPOS="1370"
								       VPOS="524"
								       WIDTH="0"
								       HEIGHT="48"
								       GC="0.9995">
								</Glyph>
								<Glyph ID="char_37" 
								       CONTENT="i"
								       HPOS="1379"
								       VPOS="524"
								       WIDTH="0"
								       HEIGHT="48"
								       GC="0.9999">
								</Glyph>
								<Glyph ID="char_38" 
								       CONTENT="c"
								       HPOS="1396"
								       VPOS="524"
								       WIDTH="0"
								       HEIGHT="48"
								       GC="0.995">
								</Glyph>
								<Glyph ID="char_39" 
								       CONTENT="h"
								       HPOS="1409"
								       VPOS="524"
								       WIDTH="0"
								       HEIGHT="48"
								       GC="0.9999">
								</Glyph>
							</String>
							<SP ID="segment_9"
							    HPOS="1422" 
							    VPOS="524"
							    WIDTH="13" 
							    HEIGHT="48"/>
							<String ID="segment_10"
								CONTENT="Bullinger" 
								HPOS="1453" 
								VPOS="524"
								WIDTH="126" 
								HEIGHT="48" 
								WC="0.9227">
								<Glyph ID="char_41" 
								       CONTENT="B"
								       HPOS="1453"
								       VPOS="524"
								       WIDTH="0"
								       HEIGHT="48"
								       GC="1.0">
								</Glyph>
								<Glyph ID="char_42" 
								       CONTENT="u"
								       HPOS="1470"
								       VPOS="524"
								       WIDTH="4"
								       HEIGHT="48"
								       GC="0.9996">
								</Glyph>
								<Glyph ID="char_43" 
								       CONTENT="l"
								       HPOS="1487"
								       VPOS="524"
								       WIDTH="5"
								       HEIGHT="48"
								       GC="1.0">
								</Glyph>
								<Glyph ID="char_44" 
								       CONTENT="l"
								       HPOS="1500"
								       VPOS="524"
								       WIDTH="0"
								       HEIGHT="48"
								       GC="0.8691">
								</Glyph>
								<Glyph ID="char_45" 
								       CONTENT="i"
								       HPOS="1509"
								       VPOS="524"
								       WIDTH="0"
								       HEIGHT="48"
								       GC="0.6373">
								</Glyph>
								<Glyph ID="char_46" 
								       CONTENT="n"
								       HPOS="1522"
								       VPOS="524"
								       WIDTH="0"
								       HEIGHT="48"
								       GC="0.9999">
								</Glyph>
								<Glyph ID="char_47" 
								       CONTENT="g"
								       HPOS="1544"
								       VPOS="524"
								       WIDTH="4"
								       HEIGHT="48"
								       GC="0.9954">
								</Glyph>
								<Glyph ID="char_48" 
								       CONTENT="e"
								       HPOS="1561"
								       VPOS="524"
								       WIDTH="0"
								       HEIGHT="48"
								       GC="0.8038">
								</Glyph>
								<Glyph ID="char_49" 
								       CONTENT="r"
								       HPOS="1579"
								       VPOS="524"
								       WIDTH="0"
								       HEIGHT="48"
								       GC="0.9989">
								</Glyph>
							</String>
							<SP ID="segment_11"
							    HPOS="1587" 
							    VPOS="524"
							    WIDTH="5" 
							    HEIGHT="48"/>
							<String ID="segment_12"
								CONTENT="im" 
								HPOS="1600" 
								VPOS="524"
								WIDTH="18" 
								HEIGHT="48" 
								WC="0.9949">
								<Glyph ID="char_51" 
								       CONTENT="i"
								       HPOS="1600"
								       VPOS="524"
								       WIDTH="5"
								       HEIGHT="48"
								       GC="0.9898">
								</Glyph>
								<Glyph ID="char_52" 
								       CONTENT="m"
								       HPOS="1613"
								       VPOS="524"
								       WIDTH="5"
								       HEIGHT="48"
								       GC="1.0">
								</Glyph>
							</String>
							<SP ID="segment_13"
							    HPOS="1644" 
							    VPOS="524"
							    WIDTH="8" 
							    HEIGHT="48"/>
							<String ID="segment_14"
								CONTENT="Blick" 
								HPOS="1670" 
								VPOS="524"
								WIDTH="52" 
								HEIGHT="48" 
								WC="1.0">
								<Glyph ID="char_54" 
								       CONTENT="B"
								       HPOS="1670"
								       VPOS="524"
								       WIDTH="0"
								       HEIGHT="48"
								       GC="1.0">
								</Glyph>
								<Glyph ID="char_55" 
								       CONTENT="l"
								       HPOS="1683"
								       VPOS="524"
								       WIDTH="4"
								       HEIGHT="48"
								       GC="1.0">
								</Glyph>
								<Glyph ID="char_56" 
								       CONTENT="i"
								       HPOS="1696"
								       VPOS="524"
								       WIDTH="0"
								       HEIGHT="48"
								       GC="1.0">
								</Glyph>
								<Glyph ID="char_57" 
								       CONTENT="c"
								       HPOS="1709"
								       VPOS="524"
								       WIDTH="0"
								       HEIGHT="48"
								       GC="0.9999">
								</Glyph>
								<Glyph ID="char_58" 
								       CONTENT="k"
								       HPOS="1722"
								       VPOS="524"
								       WIDTH="0"
								       HEIGHT="48"
								       GC="0.9999">
								</Glyph>
							</String>
							<SP ID="segment_15"
							    HPOS="1739" 
							    VPOS="524"
							    WIDTH="9" 
							    HEIGHT="48"/>
							<String ID="segment_16"
								CONTENT="auf" 
								HPOS="1756" 
								VPOS="524"
								WIDTH="44" 
								HEIGHT="48" 
								WC="0.9999">
								<Glyph ID="char_60" 
								       CONTENT="a"
								       HPOS="1756"
								       VPOS="524"
								       WIDTH="5"
								       HEIGHT="48"
								       GC="0.9998">
								</Glyph>
								<Glyph ID="char_61" 
								       CONTENT="u"
								       HPOS="1774"
								       VPOS="524"
								       WIDTH="4"
								       HEIGHT="48"
								       GC="0.9999">
								</Glyph>
								<Glyph ID="char_62" 
								       CONTENT="f"
								       HPOS="1795"
								       VPOS="524"
								       WIDTH="5"
								       HEIGHT="48"
								       GC="1.0">
								</Glyph>
							</String>
					</TextLine>
					<TextLine ID="line_1"
						  HPOS="702"
						  VPOS="571" 
						  WIDTH="1092" 
						  HEIGHT="45">
							<String ID="segment_17"
								CONTENT="Entstehung," 
								HPOS="702" 
								VPOS="571"
								WIDTH="175" 
								HEIGHT="45" 
								WC="1.0">
								<Glyph ID="char_63" 
								       CONTENT="E"
								       HPOS="702"
								       VPOS="571"
								       WIDTH="0"
								       HEIGHT="45"
								       GC="0.9999">
								</Glyph>
								<Glyph ID="char_64" 
								       CONTENT="n"
								       HPOS="718"
								       VPOS="571"
								       WIDTH="5"
								       HEIGHT="45"
								       GC="1.0">
								</Glyph>
								<Glyph ID="char_65" 
								       CONTENT="t"
								       HPOS="739"
								       VPOS="571"
								       WIDTH="0"
								       HEIGHT="45"
								       GC="1.0">
								</Glyph>
								<Glyph ID="char_66" 
								       CONTENT="s"
								       HPOS="752"
								       VPOS="571"
								       WIDTH="4"
								       HEIGHT="45"
								       GC="1.0">
								</Glyph>
								<Glyph ID="char_67" 
								       CONTENT="t"
								       HPOS="764"
								       VPOS="571"
								       WIDTH="4"
								       HEIGHT="45"
								       GC="1.0">
								</Glyph>
								<Glyph ID="char_68" 
								       CONTENT="e"
								       HPOS="781"
								       VPOS="571"
								       WIDTH="0"
								       HEIGHT="45"
								       GC="1.0">
								</Glyph>
								<Glyph ID="char_69" 
								       CONTENT="h"
								       HPOS="793"
								       VPOS="571"
								       WIDTH="0"
								       HEIGHT="45"
								       GC="1.0">
								</Glyph>
								<Glyph ID="char_70" 
								       CONTENT="u"
								       HPOS="818"
								       VPOS="571"
								       WIDTH="5"
								       HEIGHT="45"
								       GC="0.9999">
								</Glyph>
								<Glyph ID="char_71" 
								       CONTENT="n"
								       HPOS="839"
								       VPOS="571"
								       WIDTH="0"
								       HEIGHT="45"
								       GC="1.0">
								</Glyph>
								<Glyph ID="char_72" 
								       CONTENT="g"
								       HPOS="860"
								       VPOS="571"
								       WIDTH="4"
								       HEIGHT="45"
								       GC="1.0">
								</Glyph>
								<Glyph ID="char_73" 
								       CONTENT=","
								       HPOS="873"
								       VPOS="571"
								       WIDTH="4"
								       HEIGHT="45"
								       GC="1.0">
								</Glyph>
							</String>
							<SP ID="segment_18"
							    HPOS="881" 
							    VPOS="571"
							    WIDTH="21" 
							    HEIGHT="45"/>
							<String ID="segment_19"
								CONTENT="Abfassung" 
								HPOS="923" 
								VPOS="571"
								WIDTH="150" 
								HEIGHT="45" 
								WC="0.9988">
								<Glyph ID="char_75" 
								       CONTENT="A"
								       HPOS="923"
								       VPOS="571"
								       WIDTH="0"
								       HEIGHT="45"
								       GC="1.0">
								</Glyph>
								<Glyph ID="char_76" 
								       CONTENT="b"
								       HPOS="939"
								       VPOS="571"
								       WIDTH="4"
								       HEIGHT="45"
								       GC="1.0">
								</Glyph>
								<Glyph ID="char_77" 
								       CONTENT="f"
								       HPOS="964"
								       VPOS="571"
								       WIDTH="4"
								       HEIGHT="45"
								       GC="1.0">
								</Glyph>
								<Glyph ID="char_78" 
								       CONTENT="a"
								       HPOS="977"
								       VPOS="571"
								       WIDTH="4"
								       HEIGHT="45"
								       GC="1.0">
								</Glyph>
								<Glyph ID="char_79" 
								       CONTENT="s"
								       HPOS="993"
								       VPOS="571"
								       WIDTH="5"
								       HEIGHT="45"
								       GC="1.0">
								</Glyph>
								<Glyph ID="char_80" 
								       CONTENT="s"
								       HPOS="1010"
								       VPOS="571"
								       WIDTH="4"
								       HEIGHT="45"
								       GC="1.0">
								</Glyph>
								<Glyph ID="char_81" 
								       CONTENT="u"
								       HPOS="1027"
								       VPOS="571"
								       WIDTH="4"
								       HEIGHT="45"
								       GC="1.0">
								</Glyph>
								<Glyph ID="char_82" 
								       CONTENT="n"
								       HPOS="1048"
								       VPOS="571"
								       WIDTH="0"
								       HEIGHT="45"
								       GC="0.9888">
								</Glyph>
								<Glyph ID="char_83" 
								       CONTENT="g"
								       HPOS="1069"
								       VPOS="571"
								       WIDTH="4"
								       HEIGHT="45"
								       GC="1.0">
								</Glyph>
							</String>
							<SP ID="segment_20"
							    HPOS="1081" 
							    VPOS="571"
							    WIDTH="21" 
							    HEIGHT="45"/>
							<String ID="segment_21"
								CONTENT="und" 
								HPOS="1114" 
								VPOS="571"
								WIDTH="50" 
								HEIGHT="45" 
								WC="1.0">
								<Glyph ID="char_85" 
								       CONTENT="u"
								       HPOS="1114"
								       VPOS="571"
								       WIDTH="5"
								       HEIGHT="45"
								       GC="1.0">
								</Glyph>
								<Glyph ID="char_86" 
								       CONTENT="n"
								       HPOS="1135"
								       VPOS="571"
								       WIDTH="0"
								       HEIGHT="45"
								       GC="1.0">
								</Glyph>
								<Glyph ID="char_87" 
								       CONTENT="d"
								       HPOS="1160"
								       VPOS="571"
								       WIDTH="4"
								       HEIGHT="45"
								       GC="1.0">
								</Glyph>
							</String>
							<SP ID="segment_22"
							    HPOS="1173" 
							    VPOS="571"
							    WIDTH="21" 
							    HEIGHT="45"/>
							<String ID="segment_23"
								CONTENT="Rezeption" 
								HPOS="1210" 
								VPOS="571"
								WIDTH="142" 
								HEIGHT="45" 
								WC="0.9989">
								<Glyph ID="char_89" 
								       CONTENT="R"
								       HPOS="1210"
								       VPOS="571"
								       WIDTH="4"
								       HEIGHT="45"
								       GC="1.0">
								</Glyph>
								<Glyph ID="char_90" 
								       CONTENT="e"
								       HPOS="1235"
								       VPOS="571"
								       WIDTH="4"
								       HEIGHT="45"
								       GC="1.0">
								</Glyph>
								<Glyph ID="char_91" 
								       CONTENT="z"
								       HPOS="1252"
								       VPOS="571"
								       WIDTH="4"
								       HEIGHT="45"
								       GC="1.0">
								</Glyph>
								<Glyph ID="char_92" 
								       CONTENT="e"
								       HPOS="1269"
								       VPOS="571"
								       WIDTH="4"
								       HEIGHT="45"
								       GC="1.0">
								</Glyph>
								<Glyph ID="char_93" 
								       CONTENT="p"
								       HPOS="1285"
								       VPOS="571"
								       WIDTH="0"
								       HEIGHT="45"
								       GC="0.9999">
								</Glyph>
								<Glyph ID="char_94" 
								       CONTENT="t"
								       HPOS="1306"
								       VPOS="571"
								       WIDTH="0"
								       HEIGHT="45"
								       GC="0.9998">
								</Glyph>
								<Glyph ID="char_95" 
								       CONTENT="i"
								       HPOS="1314"
								       VPOS="571"
								       WIDTH="5"
								       HEIGHT="45"
								       GC="0.9989">
								</Glyph>
								<Glyph ID="char_96" 
								       CONTENT="o"
								       HPOS="1331"
								       VPOS="571"
								       WIDTH="0"
								       HEIGHT="45"
								       GC="0.9914">
								</Glyph>
								<Glyph ID="char_97" 
								       CONTENT="n"
								       HPOS="1348"
								       VPOS="571"
								       WIDTH="4"
								       HEIGHT="45"
								       GC="0.9999">
								</Glyph>
							</String>
							<SP ID="segment_24"
							    HPOS="1364" 
							    VPOS="571"
							    WIDTH="21" 
							    HEIGHT="45"/>
							<String ID="segment_25"
								CONTENT="der" 
								HPOS="1406" 
								VPOS="571"
								WIDTH="34" 
								HEIGHT="45" 
								WC="0.9993">
								<Glyph ID="char_99" 
								       CONTENT="d"
								       HPOS="1406"
								       VPOS="571"
								       WIDTH="4"
								       HEIGHT="45"
								       GC="0.9989">
								</Glyph>
								<Glyph ID="char_100" 
								       CONTENT="e"
								       HPOS="1423"
								       VPOS="571"
								       WIDTH="4"
								       HEIGHT="45"
								       GC="0.9998">
								</Glyph>
								<Glyph ID="char_101" 
								       CONTENT="r"
								       HPOS="1440"
								       VPOS="571"
								       WIDTH="0"
								       HEIGHT="45"
								       GC="0.9993">
								</Glyph>
							</String>
							<SP ID="segment_26"
							    HPOS="1448" 
							    VPOS="571"
							    WIDTH="21" 
							    HEIGHT="45"/>
							<String ID="segment_27"
								CONTENT="`Confessio" 
								HPOS="1477" 
								VPOS="571"
								WIDTH="158" 
								HEIGHT="45" 
								WC="0.981">
								<Glyph ID="char_103" 
								       CONTENT="`"
								       HPOS="1477"
								       VPOS="571"
								       WIDTH="4"
								       HEIGHT="45"
								       GC="1.0">
								</Glyph>
								<Glyph ID="char_104" 
								       CONTENT="C"
								       HPOS="1502"
								       VPOS="571"
								       WIDTH="0"
								       HEIGHT="45"
								       GC="0.9522">
								</Glyph>
								<Glyph ID="char_105" 
								       CONTENT="o"
								       HPOS="1519"
								       VPOS="571"
								       WIDTH="4"
								       HEIGHT="45"
								       GC="0.9996">
								</Glyph>
								<Glyph ID="char_106" 
								       CONTENT="n"
								       HPOS="1540"
								       VPOS="571"
								       WIDTH="4"
								       HEIGHT="45"
								       GC="0.9997">
								</Glyph>
								<Glyph ID="char_107" 
								       CONTENT="f"
								       HPOS="1560"
								       VPOS="571"
								       WIDTH="5"
								       HEIGHT="45"
								       GC="1.0">
								</Glyph>
								<Glyph ID="char_108" 
								       CONTENT="e"
								       HPOS="1577"
								       VPOS="571"
								       WIDTH="0"
								       HEIGHT="45"
								       GC="0.8589">
								</Glyph>
								<Glyph ID="char_109" 
								       CONTENT="s"
								       HPOS="1590"
								       VPOS="571"
								       WIDTH="4"
								       HEIGHT="45"
								       GC="1.0">
								</Glyph>
								<Glyph ID="char_110" 
								       CONTENT="s"
								       HPOS="1606"
								       VPOS="571"
								       WIDTH="0"
								       HEIGHT="45"
								       GC="1.0">
								</Glyph>
								<Glyph ID="char_111" 
								       CONTENT="i"
								       HPOS="1619"
								       VPOS="571"
								       WIDTH="0"
								       HEIGHT="45"
								       GC="1.0">
								</Glyph>
								<Glyph ID="char_112" 
								       CONTENT="o"
								       HPOS="1635"
								       VPOS="571"
								       WIDTH="0"
								       HEIGHT="45"
								       GC="1.0">
								</Glyph>
							</String>
							<SP ID="segment_28"
							    HPOS="1648" 
							    VPOS="571"
							    WIDTH="21" 
							    HEIGHT="45"/>
							<String ID="segment_29"
								CONTENT="Raetica&#39;" 
								HPOS="1685" 
								VPOS="571"
								WIDTH="109" 
								HEIGHT="45" 
								WC="0.9791">
								<Glyph ID="char_114" 
								       CONTENT="R"
								       HPOS="1685"
								       VPOS="571"
								       WIDTH="5"
								       HEIGHT="45"
								       GC="0.9999">
								</Glyph>
								<Glyph ID="char_115" 
								       CONTENT="a"
								       HPOS="1706"
								       VPOS="571"
								       WIDTH="4"
								       HEIGHT="45"
								       GC="1.0">
								</Glyph>
								<Glyph ID="char_116" 
								       CONTENT="e"
								       HPOS="1727"
								       VPOS="571"
								       WIDTH="0"
								       HEIGHT="45"
								       GC="0.8728">
								</Glyph>
								<Glyph ID="char_117" 
								       CONTENT="t"
								       HPOS="1740"
								       VPOS="571"
								       WIDTH="4"
								       HEIGHT="45"
								       GC="0.9992">
								</Glyph>
								<Glyph ID="char_118" 
								       CONTENT="i"
								       HPOS="1752"
								       VPOS="571"
								       WIDTH="0"
								       HEIGHT="45"
								       GC="1.0">
								</Glyph>
								<Glyph ID="char_119" 
								       CONTENT="c"
								       HPOS="1765"
								       VPOS="571"
								       WIDTH="4"
								       HEIGHT="45"
								       GC="1.0">
								</Glyph>
								<Glyph ID="char_120" 
								       CONTENT="a"
								       HPOS="1781"
								       VPOS="571"
								       WIDTH="0"
								       HEIGHT="45"
								       GC="1.0">
								</Glyph>
								<Glyph ID="char_121" 
								       CONTENT="&#39;"
								       HPOS="1794"
								       VPOS="571"
								       WIDTH="0"
								       HEIGHT="45"
								       GC="0.9607">
								</Glyph>
							</String>
					</TextLine>
					<TextLine ID="line_2"
						  HPOS="692"
						  VPOS="618" 
						  WIDTH="1100" 
						  HEIGHT="43">
							<String ID="segment_30"
								CONTENT="(1552/53)," 
								HPOS="692" 
								VPOS="618"
								WIDTH="159" 
								HEIGHT="43" 
								WC="0.9997">
								<Glyph ID="char_122" 
								       CONTENT="("
								       HPOS="692"
								       VPOS="618"
								       WIDTH="0"
								       HEIGHT="43"
								       GC="1.0">
								</Glyph>
								<Glyph ID="char_123" 
								       CONTENT="1"
								       HPOS="706"
								       VPOS="618"
								       WIDTH="0"
								       HEIGHT="43"
								       GC="1.0">
								</Glyph>
								<Glyph ID="char_124" 
								       CONTENT="5"
								       HPOS="725"
								       VPOS="618"
								       WIDTH="4"
								       HEIGHT="43"
								       GC="1.0">
								</Glyph>
								<Glyph ID="char_125" 
								       CONTENT="5"
								       HPOS="743"
								       VPOS="618"
								       WIDTH="5"
								       HEIGHT="43"
								       GC="1.0">
								</Glyph>
								<Glyph ID="char_126" 
								       CONTENT="2"
								       HPOS="767"
								       VPOS="618"
								       WIDTH="0"
								       HEIGHT="43"
								       GC="1.0">
								</Glyph>
								<Glyph ID="char_127" 
								       CONTENT="/"
								       HPOS="785"
								       VPOS="618"
								       WIDTH="5"
								       HEIGHT="43"
								       GC="1.0">
								</Glyph>
								<Glyph ID="char_128" 
								       CONTENT="5"
								       HPOS="804"
								       VPOS="618"
								       WIDTH="5"
								       HEIGHT="43"
								       GC="0.9989">
								</Glyph>
								<Glyph ID="char_129" 
								       CONTENT="3"
								       HPOS="823"
								       VPOS="618"
								       WIDTH="0"
								       HEIGHT="43"
								       GC="1.0">
								</Glyph>
								<Glyph ID="char_130" 
								       CONTENT=")"
								       HPOS="832"
								       VPOS="618"
								       WIDTH="5"
								       HEIGHT="43"
								       GC="1.0">
								</Glyph>
								<Glyph ID="char_131" 
								       CONTENT=","
								       HPOS="846"
								       VPOS="618"
								       WIDTH="5"
								       HEIGHT="43"
								       GC="0.9978">
								</Glyph>
							</String>
							<SP ID="segment_31"
							    HPOS="856" 
							    VPOS="618"
							    WIDTH="4" 
							    HEIGHT="43"/>
							<String ID="segment_32"
								CONTENT="in" 
								HPOS="874" 
								VPOS="618"
								WIDTH="14" 
								HEIGHT="43" 
								WC="0.9152">
								<Glyph ID="char_133" 
								       CONTENT="i"
								       HPOS="874"
								       VPOS="618"
								       WIDTH="0"
								       HEIGHT="43"
								       GC="0.8305">
								</Glyph>
								<Glyph ID="char_134" 
								       CONTENT="n"
								       HPOS="884"
								       VPOS="618"
								       WIDTH="4"
								       HEIGHT="43"
								       GC="1.0">
								</Glyph>
							</String>
							<SP ID="segment_33"
							    HPOS="902" 
							    VPOS="618"
							    WIDTH="0" 
							    HEIGHT="43"/>
							<String ID="segment_34"
								CONTENT=":" 
								HPOS="912" 
								VPOS="618"
								WIDTH="0" 
								HEIGHT="43" 
								WC="1.0">
								<Glyph ID="char_136" 
								       CONTENT=":"
								       HPOS="912"
								       VPOS="618"
								       WIDTH="0"
								       HEIGHT="43"
								       GC="1.0">
								</Glyph>
							</String>
							<SP ID="segment_35"
							    HPOS="921" 
							    VPOS="618"
							    WIDTH="5" 
							    HEIGHT="43"/>
							<String ID="segment_36"
								CONTENT="Zvingtiane," 
								HPOS="949" 
								VPOS="618"
								WIDTH="145" 
								HEIGHT="43" 
								WC="0.9501">
								<Glyph ID="char_138" 
								       CONTENT="Z"
								       HPOS="949"
								       VPOS="618"
								       WIDTH="0"
								       HEIGHT="43"
								       GC="0.9596">
								</Glyph>
								<Glyph ID="char_139" 
								       CONTENT="v"
								       HPOS="963"
								       VPOS="618"
								       WIDTH="5"
								       HEIGHT="43"
								       GC="1.0">
								</Glyph>
								<Glyph ID="char_140" 
								       CONTENT="i"
								       HPOS="987"
								       VPOS="618"
								       WIDTH="4"
								       HEIGHT="43"
								       GC="1.0">
								</Glyph>
								<Glyph ID="char_141" 
								       CONTENT="n"
								       HPOS="1001"
								       VPOS="618"
								       WIDTH="0"
								       HEIGHT="43"
								       GC="1.0">
								</Glyph>
								<Glyph ID="char_142" 
								       CONTENT="g"
								       HPOS="1015"
								       VPOS="618"
								       WIDTH="5"
								       HEIGHT="43"
								       GC="1.0">
								</Glyph>
								<Glyph ID="char_143" 
								       CONTENT="t"
								       HPOS="1034"
								       VPOS="618"
								       WIDTH="0"
								       HEIGHT="43"
								       GC="0.9961">
								</Glyph>
								<Glyph ID="char_144" 
								       CONTENT="i"
								       HPOS="1038"
								       VPOS="618"
								       WIDTH="0"
								       HEIGHT="43"
								       GC="1.0">
								</Glyph>
								<Glyph ID="char_145" 
								       CONTENT="a"
								       HPOS="1048"
								       VPOS="618"
								       WIDTH="0"
								       HEIGHT="43"
								       GC="1.0">
								</Glyph>
								<Glyph ID="char_146" 
								       CONTENT="n"
								       HPOS="1066"
								       VPOS="618"
								       WIDTH="0"
								       HEIGHT="43"
								       GC="0.5875">
								</Glyph>
								<Glyph ID="char_147" 
								       CONTENT="e"
								       HPOS="1085"
								       VPOS="618"
								       WIDTH="0"
								       HEIGHT="43"
								       GC="0.9201">
								</Glyph>
								<Glyph ID="char_148" 
								       CONTENT=","
								       HPOS="1094"
								       VPOS="618"
								       WIDTH="0"
								       HEIGHT="43"
								       GC="0.9878">
								</Glyph>
							</String>
							<SP ID="segment_37"
							    HPOS="1099" 
							    VPOS="618"
							    WIDTH="10" 
							    HEIGHT="43"/>
							<String ID="segment_38"
								CONTENT="Bd." 
								HPOS="1127" 
								VPOS="618"
								WIDTH="38" 
								HEIGHT="43" 
								WC="1.0">
								<Glyph ID="char_150" 
								       CONTENT="B"
								       HPOS="1127"
								       VPOS="618"
								       WIDTH="0"
								       HEIGHT="43"
								       GC="0.9999">
								</Glyph>
								<Glyph ID="char_151" 
								       CONTENT="d"
								       HPOS="1151"
								       VPOS="618"
								       WIDTH="4"
								       HEIGHT="43"
								       GC="1.0">
								</Glyph>
								<Glyph ID="char_152" 
								       CONTENT="."
								       HPOS="1160"
								       VPOS="618"
								       WIDTH="5"
								       HEIGHT="43"
								       GC="1.0">
								</Glyph>
							</String>
							<SP ID="segment_39"
							    HPOS="1169" 
							    VPOS="618"
							    WIDTH="5" 
							    HEIGHT="43"/>
							<String ID="segment_40"
								CONTENT="40," 
								HPOS="1188" 
								VPOS="618"
								WIDTH="38" 
								HEIGHT="43" 
								WC="1.0">
								<Glyph ID="char_154" 
								       CONTENT="4"
								       HPOS="1188"
								       VPOS="618"
								       WIDTH="5"
								       HEIGHT="43"
								       GC="1.0">
								</Glyph>
								<Glyph ID="char_155" 
								       CONTENT="0"
								       HPOS="1212"
								       VPOS="618"
								       WIDTH="0"
								       HEIGHT="43"
								       GC="1.0">
								</Glyph>
								<Glyph ID="char_156" 
								       CONTENT=","
								       HPOS="1221"
								       VPOS="618"
								       WIDTH="5"
								       HEIGHT="43"
								       GC="1.0">
								</Glyph>
							</String>
							<SP ID="segment_41"
							    HPOS="1230" 
							    VPOS="618"
							    WIDTH="5" 
							    HEIGHT="43"/>
							<String ID="segment_42"
								CONTENT="2013," 
								HPOS="1254" 
								VPOS="618"
								WIDTH="70" 
								HEIGHT="43" 
								WC="0.9953">
								<Glyph ID="char_158" 
								       CONTENT="2"
								       HPOS="1254"
								       VPOS="618"
								       WIDTH="0"
								       HEIGHT="43"
								       GC="1.0">
								</Glyph>
								<Glyph ID="char_159" 
								       CONTENT="0"
								       HPOS="1272"
								       VPOS="618"
								       WIDTH="0"
								       HEIGHT="43"
								       GC="1.0">
								</Glyph>
								<Glyph ID="char_160" 
								       CONTENT="1"
								       HPOS="1291"
								       VPOS="618"
								       WIDTH="0"
								       HEIGHT="43"
								       GC="0.9809">
								</Glyph>
								<Glyph ID="char_161" 
								       CONTENT="3"
								       HPOS="1310"
								       VPOS="618"
								       WIDTH="0"
								       HEIGHT="43"
								       GC="0.998">
								</Glyph>
								<Glyph ID="char_162" 
								       CONTENT=","
								       HPOS="1324"
								       VPOS="618"
								       WIDTH="0"
								       HEIGHT="43"
								       GC="0.9976">
								</Glyph>
							</String>
							<SP ID="segment_43"
							    HPOS="1333" 
							    VPOS="618"
							    WIDTH="5" 
							    HEIGHT="43"/>
							<String ID="segment_44"
								CONTENT="S." 
								HPOS="1352" 
								VPOS="618"
								WIDTH="14" 
								HEIGHT="43" 
								WC="0.998">
								<Glyph ID="char_164" 
								       CONTENT="S"
								       HPOS="1352"
								       VPOS="618"
								       WIDTH="5"
								       HEIGHT="43"
								       GC="0.9999">
								</Glyph>
								<Glyph ID="char_165" 
								       CONTENT="."
								       HPOS="1366"
								       VPOS="618"
								       WIDTH="0"
								       HEIGHT="43"
								       GC="0.996">
								</Glyph>
							</String>
							<SP ID="segment_45"
							    HPOS="1375" 
							    VPOS="618"
							    WIDTH="5" 
							    HEIGHT="43"/>
							<String ID="segment_46"
								CONTENT="37-71." 
								HPOS="1394" 
								VPOS="618"
								WIDTH="89" 
								HEIGHT="43" 
								WC="0.927">
								<Glyph ID="char_167" 
								       CONTENT="3"
								       HPOS="1394"
								       VPOS="618"
								       WIDTH="5"
								       HEIGHT="43"
								       GC="0.9986">
								</Glyph>
								<Glyph ID="char_168" 
								       CONTENT="7"
								       HPOS="1413"
								       VPOS="618"
								       WIDTH="5"
								       HEIGHT="43"
								       GC="0.9975">
								</Glyph>
								<Glyph ID="char_169" 
								       CONTENT="-"
								       HPOS="1432"
								       VPOS="618"
								       WIDTH="0"
								       HEIGHT="43"
								       GC="0.9984">
								</Glyph>
								<Glyph ID="char_170" 
								       CONTENT="7"
								       HPOS="1450"
								       VPOS="618"
								       WIDTH="0"
								       HEIGHT="43"
								       GC="0.5678">
								</Glyph>
								<Glyph ID="char_171" 
								       CONTENT="1"
								       HPOS="1469"
								       VPOS="618"
								       WIDTH="0"
								       HEIGHT="43"
								       GC="1.0">
								</Glyph>
								<Glyph ID="char_172" 
								       CONTENT="."
								       HPOS="1483"
								       VPOS="618"
								       WIDTH="0"
								       HEIGHT="43"
								       GC="1.0">
								</Glyph>
							</String>
							<SP ID="segment_47"
							    HPOS="1488" 
							    VPOS="618"
							    WIDTH="9" 
							    HEIGHT="43"/>
							<String ID="segment_48"
								CONTENT="In" 
								HPOS="1511" 
								VPOS="618"
								WIDTH="14" 
								HEIGHT="43" 
								WC="0.9996">
								<Glyph ID="char_174" 
								       CONTENT="I"
								       HPOS="1511"
								       VPOS="618"
								       WIDTH="0"
								       HEIGHT="43"
								       GC="0.9993">
								</Glyph>
								<Glyph ID="char_175" 
								       CONTENT="n"
								       HPOS="1525"
								       VPOS="618"
								       WIDTH="0"
								       HEIGHT="43"
								       GC="1.0">
								</Glyph>
							</String>
							<SP ID="segment_49"
							    HPOS="1539" 
							    VPOS="618"
							    WIDTH="10" 
							    HEIGHT="43"/>
							<String ID="segment_50"
								CONTENT="diesem" 
								HPOS="1567" 
								VPOS="618"
								WIDTH="75" 
								HEIGHT="43" 
								WC="0.9927">
								<Glyph ID="char_177" 
								       CONTENT="d"
								       HPOS="1567"
								       VPOS="618"
								       WIDTH="0"
								       HEIGHT="43"
								       GC="0.9964">
								</Glyph>
								<Glyph ID="char_178" 
								       CONTENT="i"
								       HPOS="1577"
								       VPOS="618"
								       WIDTH="0"
								       HEIGHT="43"
								       GC="0.9998">
								</Glyph>
								<Glyph ID="char_179" 
								       CONTENT="e"
								       HPOS="1591"
								       VPOS="618"
								       WIDTH="0"
								       HEIGHT="43"
								       GC="1.0">
								</Glyph>
								<Glyph ID="char_180" 
								       CONTENT="s"
								       HPOS="1605"
								       VPOS="618"
								       WIDTH="5"
								       HEIGHT="43"
								       GC="0.9603">
								</Glyph>
								<Glyph ID="char_181" 
								       CONTENT="e"
								       HPOS="1624"
								       VPOS="618"
								       WIDTH="0"
								       HEIGHT="43"
								       GC="0.9994">
								</Glyph>
								<Glyph ID="char_182" 
								       CONTENT="m"
								       HPOS="1638"
								       VPOS="618"
								       WIDTH="4"
								       HEIGHT="43"
								       GC="1.0">
								</Glyph>
							</String>
							<SP ID="segment_51"
							    HPOS="1666" 
							    VPOS="618"
							    WIDTH="9" 
							    HEIGHT="43"/>
							<String ID="segment_52"
								CONTENT="Aufsatz" 
								HPOS="1694" 
								VPOS="618"
								WIDTH="98" 
								HEIGHT="43" 
								WC="0.918">
								<Glyph ID="char_184" 
								       CONTENT="A"
								       HPOS="1694"
								       VPOS="618"
								       WIDTH="0"
								       HEIGHT="43"
								       GC="1.0">
								</Glyph>
								<Glyph ID="char_185" 
								       CONTENT="u"
								       HPOS="1713"
								       VPOS="618"
								       WIDTH="4"
								       HEIGHT="43"
								       GC="0.9986">
								</Glyph>
								<Glyph ID="char_186" 
								       CONTENT="f"
								       HPOS="1736"
								       VPOS="618"
								       WIDTH="0"
								       HEIGHT="43"
								       GC="0.9998">
								</Glyph>
								<Glyph ID="char_187" 
								       CONTENT="s"
								       HPOS="1750"
								       VPOS="618"
								       WIDTH="0"
								       HEIGHT="43"
								       GC="0.5161">
								</Glyph>
								<Glyph ID="char_188" 
								       CONTENT="a"
								       HPOS="1764"
								       VPOS="618"
								       WIDTH="0"
								       HEIGHT="43"
								       GC="0.9342">
								</Glyph>
								<Glyph ID="char_189" 
								       CONTENT="t"
								       HPOS="1778"
								       VPOS="618"
								       WIDTH="5"
								       HEIGHT="43"
								       GC="1.0">
								</Glyph>
								<Glyph ID="char_190" 
								       CONTENT="z"
								       HPOS="1792"
								       VPOS="618"
								       WIDTH="0"
								       HEIGHT="43"
								       GC="0.9772">
								</Glyph>
							</String>
					</TextLine>
					<TextLine ID="line_3"
						  HPOS="692"
						  VPOS="666" 
						  WIDTH="516" 
						  HEIGHT="45">
							<String ID="segment_53"
								CONTENT="sind" 
								HPOS="692" 
								VPOS="666"
								WIDTH="50" 
								HEIGHT="45" 
								WC="0.998">
								<Glyph ID="char_191" 
								       CONTENT="s"
								       HPOS="692"
								       VPOS="666"
								       WIDTH="0"
								       HEIGHT="45"
								       GC="0.9921">
								</Glyph>
								<Glyph ID="char_192" 
								       CONTENT="i"
								       HPOS="703"
								       VPOS="666"
								       WIDTH="0"
								       HEIGHT="45"
								       GC="1.0">
								</Glyph>
								<Glyph ID="char_193" 
								       CONTENT="n"
								       HPOS="714"
								       VPOS="666"
								       WIDTH="5"
								       HEIGHT="45"
								       GC="1.0">
								</Glyph>
								<Glyph ID="char_194" 
								       CONTENT="d"
								       HPOS="742"
								       VPOS="666"
								       WIDTH="0"
								       HEIGHT="45"
								       GC="1.0">
								</Glyph>
							</String>
							<SP ID="segment_54"
							    HPOS="753" 
							    VPOS="666"
							    WIDTH="5" 
							    HEIGHT="45"/>
							<String ID="segment_55"
								CONTENT="folgende" 
								HPOS="769" 
								VPOS="666"
								WIDTH="122" 
								HEIGHT="45" 
								WC="1.0">
								<Glyph ID="char_196" 
								       CONTENT="f"
								       HPOS="769"
								       VPOS="666"
								       WIDTH="0"
								       HEIGHT="45"
								       GC="1.0">
								</Glyph>
								<Glyph ID="char_197" 
								       CONTENT="o"
								       HPOS="786"
								       VPOS="666"
								       WIDTH="0"
								       HEIGHT="45"
								       GC="1.0">
								</Glyph>
								<Glyph ID="char_198" 
								       CONTENT="l"
								       HPOS="797"
								       VPOS="666"
								       WIDTH="0"
								       HEIGHT="45"
								       GC="1.0">
								</Glyph>
								<Glyph ID="char_199" 
								       CONTENT="g"
								       HPOS="814"
								       VPOS="666"
								       WIDTH="0"
								       HEIGHT="45"
								       GC="0.9999">
								</Glyph>
								<Glyph ID="char_200" 
								       CONTENT="e"
								       HPOS="830"
								       VPOS="666"
								       WIDTH="6"
								       HEIGHT="45"
								       GC="0.9999">
								</Glyph>
								<Glyph ID="char_201" 
								       CONTENT="n"
								       HPOS="847"
								       VPOS="666"
								       WIDTH="6"
								       HEIGHT="45"
								       GC="1.0">
								</Glyph>
								<Glyph ID="char_202" 
								       CONTENT="d"
								       HPOS="875"
								       VPOS="666"
								       WIDTH="0"
								       HEIGHT="45"
								       GC="1.0">
								</Glyph>
								<Glyph ID="char_203" 
								       CONTENT="e"
								       HPOS="891"
								       VPOS="666"
								       WIDTH="0"
								       HEIGHT="45"
								       GC="1.0">
								</Glyph>
							</String>
							<SP ID="segment_56"
							    HPOS="902" 
							    VPOS="666"
							    WIDTH="6" 
							    HEIGHT="45"/>
							<String ID="segment_57"
								CONTENT="Briefe" 
								HPOS="925" 
								VPOS="666"
								WIDTH="77" 
								HEIGHT="45" 
								WC="0.9624">
								<Glyph ID="char_205" 
								       CONTENT="B"
								       HPOS="925"
								       VPOS="666"
								       WIDTH="0"
								       HEIGHT="45"
								       GC="1.0">
								</Glyph>
								<Glyph ID="char_206" 
								       CONTENT="r"
								       HPOS="947"
								       VPOS="666"
								       WIDTH="0"
								       HEIGHT="45"
								       GC="0.8323">
								</Glyph>
								<Glyph ID="char_207" 
								       CONTENT="i"
								       HPOS="952"
								       VPOS="666"
								       WIDTH="0"
								       HEIGHT="45"
								       GC="0.9449">
								</Glyph>
								<Glyph ID="char_208" 
								       CONTENT="e"
								       HPOS="969"
								       VPOS="666"
								       WIDTH="0"
								       HEIGHT="45"
								       GC="0.9978">
								</Glyph>
								<Glyph ID="char_209" 
								       CONTENT="f"
								       HPOS="986"
								       VPOS="666"
								       WIDTH="0"
								       HEIGHT="45"
								       GC="1.0">
								</Glyph>
								<Glyph ID="char_210" 
								       CONTENT="e"
								       HPOS="1002"
								       VPOS="666"
								       WIDTH="0"
								       HEIGHT="45"
								       GC="0.9996">
								</Glyph>
							</String>
							<SP ID="segment_58"
							    HPOS="1013" 
							    VPOS="666"
							    WIDTH="0" 
							    HEIGHT="45"/>
							<String ID="segment_59"
								CONTENT=":Lh" 
								HPOS="1063" 
								VPOS="666"
								WIDTH="145" 
								HEIGHT="45" 
								WC="0.9445">
								<Glyph ID="char_212" 
								       CONTENT=":"
								       HPOS="1063"
								       VPOS="666"
								       WIDTH="0"
								       HEIGHT="45"
								       GC="1.0">
								</Glyph>
								<Glyph ID="char_213" 
								       CONTENT="L"
								       HPOS="1108"
								       VPOS="666"
								       WIDTH="0"
								       HEIGHT="45"
								       GC="0.8375">
								</Glyph>
								<Glyph ID="char_214" 
								       CONTENT="h"
								       HPOS="1208"
								       VPOS="666"
								       WIDTH="0"
								       HEIGHT="45"
								       GC="0.9961">
								</Glyph>
							</String>
					</TextLine>
					<TextLine ID="line_4"
						  HPOS="747"
						  VPOS="724" 
						  WIDTH="923" 
						  HEIGHT="37">
							<String ID="segment_60"
								CONTENT="-" 
								HPOS="747" 
								VPOS="724"
								WIDTH="0" 
								HEIGHT="37" 
								WC="1.0">
								<Glyph ID="char_215" 
								       CONTENT="-"
								       HPOS="747"
								       VPOS="724"
								       WIDTH="0"
								       HEIGHT="37"
								       GC="1.0">
								</Glyph>
							</String>
							<SP ID="segment_61"
							    HPOS="758" 
							    VPOS="724"
							    WIDTH="0" 
							    HEIGHT="37"/>
							<String ID="segment_62"
								CONTENT="Pier" 
								HPOS="772" 
								VPOS="724"
								WIDTH="37" 
								HEIGHT="37" 
								WC="0.9949">
								<Glyph ID="char_217" 
								       CONTENT="P"
								       HPOS="772"
								       VPOS="724"
								       WIDTH="0"
								       HEIGHT="37"
								       GC="0.9796">
								</Glyph>
								<Glyph ID="char_218" 
								       CONTENT="i"
								       HPOS="784"
								       VPOS="724"
								       WIDTH="0"
								       HEIGHT="37"
								       GC="1.0">
								</Glyph>
								<Glyph ID="char_219" 
								       CONTENT="e"
								       HPOS="795"
								       VPOS="724"
								       WIDTH="3"
								       HEIGHT="37"
								       GC="1.0">
								</Glyph>
								<Glyph ID="char_220" 
								       CONTENT="r"
								       HPOS="809"
								       VPOS="724"
								       WIDTH="0"
								       HEIGHT="37"
								       GC="1.0">
								</Glyph>
							</String>
							<SP ID="segment_63"
							    HPOS="817" 
							    VPOS="724"
							    WIDTH="3" 
							    HEIGHT="37"/>
							<String ID="segment_64"
								CONTENT="Paolo" 
								HPOS="831" 
								VPOS="724"
								WIDTH="59" 
								HEIGHT="37" 
								WC="1.0">
								<Glyph ID="char_222" 
								       CONTENT="P"
								       HPOS="831"
								       VPOS="724"
								       WIDTH="4"
								       HEIGHT="37"
								       GC="1.0">
								</Glyph>
								<Glyph ID="char_223" 
								       CONTENT="a"
								       HPOS="846"
								       VPOS="724"
								       WIDTH="4"
								       HEIGHT="37"
								       GC="1.0">
								</Glyph>
								<Glyph ID="char_224" 
								       CONTENT="o"
								       HPOS="864"
								       VPOS="724"
								       WIDTH="0"
								       HEIGHT="37"
								       GC="0.9999">
								</Glyph>
								<Glyph ID="char_225" 
								       CONTENT="l"
								       HPOS="875"
								       VPOS="724"
								       WIDTH="4"
								       HEIGHT="37"
								       GC="1.0">
								</Glyph>
								<Glyph ID="char_226" 
								       CONTENT="o"
								       HPOS="890"
								       VPOS="724"
								       WIDTH="0"
								       HEIGHT="37"
								       GC="1.0">
								</Glyph>
							</String>
							<SP ID="segment_65"
							    HPOS="901" 
							    VPOS="724"
							    WIDTH="4" 
							    HEIGHT="37"/>
							<String ID="segment_66"
								CONTENT="Vergerio" 
								HPOS="912" 
								VPOS="724"
								WIDTH="103" 
								HEIGHT="37" 
								WC="0.9996">
								<Glyph ID="char_228" 
								       CONTENT="V"
								       HPOS="912"
								       VPOS="724"
								       WIDTH="0"
								       HEIGHT="37"
								       GC="1.0">
								</Glyph>
								<Glyph ID="char_229" 
								       CONTENT="e"
								       HPOS="938"
								       VPOS="724"
								       WIDTH="0"
								       HEIGHT="37"
								       GC="0.9972">
								</Glyph>
								<Glyph ID="char_230" 
								       CONTENT="r"
								       HPOS="949"
								       VPOS="724"
								       WIDTH="4"
								       HEIGHT="37"
								       GC="1.0">
								</Glyph>
								<Glyph ID="char_231" 
								       CONTENT="g"
								       HPOS="964"
								       VPOS="724"
								       WIDTH="3"
								       HEIGHT="37"
								       GC="1.0">
								</Glyph>
								<Glyph ID="char_232" 
								       CONTENT="e"
								       HPOS="978"
								       VPOS="724"
								       WIDTH="4"
								       HEIGHT="37"
								       GC="1.0">
								</Glyph>
								<Glyph ID="char_233" 
								       CONTENT="r"
								       HPOS="993"
								       VPOS="724"
								       WIDTH="4"
								       HEIGHT="37"
								       GC="1.0">
								</Glyph>
								<Glyph ID="char_234" 
								       CONTENT="i"
								       HPOS="1004"
								       VPOS="724"
								       WIDTH="0"
								       HEIGHT="37"
								       GC="1.0">
								</Glyph>
								<Glyph ID="char_235" 
								       CONTENT="o"
								       HPOS="1015"
								       VPOS="724"
								       WIDTH="0"
								       HEIGHT="37"
								       GC="1.0">
								</Glyph>
							</String>
							<SP ID="segment_67"
							    HPOS="1026" 
							    VPOS="724"
							    WIDTH="4" 
							    HEIGHT="37"/>
							<String ID="segment_68"
								CONTENT="an" 
								HPOS="1037" 
								VPOS="724"
								WIDTH="19" 
								HEIGHT="37" 
								WC="1.0">
								<Glyph ID="char_237" 
								       CONTENT="a"
								       HPOS="1037"
								       VPOS="724"
								       WIDTH="4"
								       HEIGHT="37"
								       GC="1.0">
								</Glyph>
								<Glyph ID="char_238" 
								       CONTENT="n"
								       HPOS="1052"
								       VPOS="724"
								       WIDTH="4"
								       HEIGHT="37"
								       GC="1.0">
								</Glyph>
							</String>
							<SP ID="segment_69"
							    HPOS="1067" 
							    VPOS="724"
							    WIDTH="3" 
							    HEIGHT="37"/>
							<String ID="segment_70"
								CONTENT="Bullinger," 
								HPOS="1085" 
								VPOS="724"
								WIDTH="118" 
								HEIGHT="37" 
								WC="1.0">
								<Glyph ID="char_240" 
								       CONTENT="B"
								       HPOS="1085"
								       VPOS="724"
								       WIDTH="0"
								       HEIGHT="37"
								       GC="1.0">
								</Glyph>
								<Glyph ID="char_241" 
								       CONTENT="u"
								       HPOS="1100"
								       VPOS="724"
								       WIDTH="4"
								       HEIGHT="37"
								       GC="1.0">
								</Glyph>
								<Glyph ID="char_242" 
								       CONTENT="l"
								       HPOS="1115"
								       VPOS="724"
								       WIDTH="0"
								       HEIGHT="37"
								       GC="1.0">
								</Glyph>
								<Glyph ID="char_243" 
								       CONTENT="l"
								       HPOS="1122"
								       VPOS="724"
								       WIDTH="4"
								       HEIGHT="37"
								       GC="1.0">
								</Glyph>
								<Glyph ID="char_244" 
								       CONTENT="i"
								       HPOS="1133"
								       VPOS="724"
								       WIDTH="0"
								       HEIGHT="37"
								       GC="1.0">
								</Glyph>
								<Glyph ID="char_245" 
								       CONTENT="n"
								       HPOS="1144"
								       VPOS="724"
								       WIDTH="0"
								       HEIGHT="37"
								       GC="1.0">
								</Glyph>
								<Glyph ID="char_246" 
								       CONTENT="g"
								       HPOS="1162"
								       VPOS="724"
								       WIDTH="4"
								       HEIGHT="37"
								       GC="1.0">
								</Glyph>
								<Glyph ID="char_247" 
								       CONTENT="e"
								       HPOS="1181"
								       VPOS="724"
								       WIDTH="0"
								       HEIGHT="37"
								       GC="1.0">
								</Glyph>
								<Glyph ID="char_248" 
								       CONTENT="r"
								       HPOS="1192"
								       VPOS="724"
								       WIDTH="0"
								       HEIGHT="37"
								       GC="1.0">
								</Glyph>
								<Glyph ID="char_249" 
								       CONTENT=","
								       HPOS="1199"
								       VPOS="724"
								       WIDTH="4"
								       HEIGHT="37"
								       GC="1.0">
								</Glyph>
							</String>
							<SP ID="segment_71"
							    HPOS="1207" 
							    VPOS="724"
							    WIDTH="7" 
							    HEIGHT="37"/>
							<String ID="segment_72"
								CONTENT="15." 
								HPOS="1221" 
								VPOS="724"
								WIDTH="30" 
								HEIGHT="37" 
								WC="1.0">
								<Glyph ID="char_251" 
								       CONTENT="1"
								       HPOS="1221"
								       VPOS="724"
								       WIDTH="4"
								       HEIGHT="37"
								       GC="1.0">
								</Glyph>
								<Glyph ID="char_252" 
								       CONTENT="5"
								       HPOS="1240"
								       VPOS="724"
								       WIDTH="3"
								       HEIGHT="37"
								       GC="1.0">
								</Glyph>
								<Glyph ID="char_253" 
								       CONTENT="."
								       HPOS="1251"
								       VPOS="724"
								       WIDTH="0"
								       HEIGHT="37"
								       GC="1.0">
								</Glyph>
							</String>
							<SP ID="segment_73"
							    HPOS="1258" 
							    VPOS="724"
							    WIDTH="4" 
							    HEIGHT="37"/>
							<String ID="segment_74"
								CONTENT="November" 
								HPOS="1273" 
								VPOS="724"
								WIDTH="136" 
								HEIGHT="37" 
								WC="0.9616">
								<Glyph ID="char_255" 
								       CONTENT="N"
								       HPOS="1273"
								       VPOS="724"
								       WIDTH="3"
								       HEIGHT="37"
								       GC="0.9996">
								</Glyph>
								<Glyph ID="char_256" 
								       CONTENT="o"
								       HPOS="1298"
								       VPOS="724"
								       WIDTH="0"
								       HEIGHT="37"
								       GC="0.997">
								</Glyph>
								<Glyph ID="char_257" 
								       CONTENT="v"
								       HPOS="1309"
								       VPOS="724"
								       WIDTH="0"
								       HEIGHT="37"
								       GC="0.9997">
								</Glyph>
								<Glyph ID="char_258" 
								       CONTENT="e"
								       HPOS="1332"
								       VPOS="724"
								       WIDTH="0"
								       HEIGHT="37"
								       GC="0.9963">
								</Glyph>
								<Glyph ID="char_259" 
								       CONTENT="m"
								       HPOS="1343"
								       VPOS="724"
								       WIDTH="3"
								       HEIGHT="37"
								       GC="0.9978">
								</Glyph>
								<Glyph ID="char_260" 
								       CONTENT="b"
								       HPOS="1368"
								       VPOS="724"
								       WIDTH="4"
								       HEIGHT="37"
								       GC="0.9946">
								</Glyph>
								<Glyph ID="char_261" 
								       CONTENT="e"
								       HPOS="1390"
								       VPOS="724"
								       WIDTH="0"
								       HEIGHT="37"
								       GC="0.996">
								</Glyph>
								<Glyph ID="char_262" 
								       CONTENT="r"
								       HPOS="1405"
								       VPOS="724"
								       WIDTH="4"
								       HEIGHT="37"
								       GC="0.7117">
								</Glyph>
							</String>
							<SP ID="segment_75"
							    HPOS="1412" 
							    VPOS="724"
							    WIDTH="8" 
							    HEIGHT="37"/>
							<String ID="segment_76"
								CONTENT="1552," 
								HPOS="1431" 
								VPOS="724"
								WIDTH="62" 
								HEIGHT="37" 
								WC="0.9995">
								<Glyph ID="char_264" 
								       CONTENT="1"
								       HPOS="1431"
								       VPOS="724"
								       WIDTH="0"
								       HEIGHT="37"
								       GC="0.999">
								</Glyph>
								<Glyph ID="char_265" 
								       CONTENT="5"
								       HPOS="1446"
								       VPOS="724"
								       WIDTH="3"
								       HEIGHT="37"
								       GC="1.0">
								</Glyph>
								<Glyph ID="char_266" 
								       CONTENT="5"
								       HPOS="1464"
								       VPOS="724"
								       WIDTH="0"
								       HEIGHT="37"
								       GC="0.9991">
								</Glyph>
								<Glyph ID="char_267" 
								       CONTENT="2"
								       HPOS="1479"
								       VPOS="724"
								       WIDTH="3"
								       HEIGHT="37"
								       GC="1.0">
								</Glyph>
								<Glyph ID="char_268" 
								       CONTENT=","
								       HPOS="1490"
								       VPOS="724"
								       WIDTH="3"
								       HEIGHT="37"
								       GC="0.9993">
								</Glyph>
							</String>
							<SP ID="segment_77"
							    HPOS="1497" 
							    VPOS="724"
							    WIDTH="4" 
							    HEIGHT="37"/>
							<String ID="segment_78"
								CONTENT="auf" 
								HPOS="1512" 
								VPOS="724"
								WIDTH="33" 
								HEIGHT="37" 
								WC="0.976">
								<Glyph ID="char_270" 
								       CONTENT="a"
								       HPOS="1512"
								       VPOS="724"
								       WIDTH="0"
								       HEIGHT="37"
								       GC="0.9999">
								</Glyph>
								<Glyph ID="char_271" 
								       CONTENT="u"
								       HPOS="1527"
								       VPOS="724"
								       WIDTH="0"
								       HEIGHT="37"
								       GC="0.9281">
								</Glyph>
								<Glyph ID="char_272" 
								       CONTENT="f"
								       HPOS="1541"
								       VPOS="724"
								       WIDTH="4"
								       HEIGHT="37"
								       GC="1.0">
								</Glyph>
							</String>
							<SP ID="segment_79"
							    HPOS="1552" 
							    VPOS="724"
							    WIDTH="0" 
							    HEIGHT="37"/>
							<String ID="segment_80"
								CONTENT="S." 
								HPOS="1563" 
								VPOS="724"
								WIDTH="15" 
								HEIGHT="37" 
								WC="1.0">
								<Glyph ID="char_274" 
								       CONTENT="S"
								       HPOS="1563"
								       VPOS="724"
								       WIDTH="4"
								       HEIGHT="37"
								       GC="1.0">
								</Glyph>
								<Glyph ID="char_275" 
								       CONTENT="."
								       HPOS="1574"
								       VPOS="724"
								       WIDTH="4"
								       HEIGHT="37"
								       GC="1.0">
								</Glyph>
							</String>
							<SP ID="segment_81"
							    HPOS="1582" 
							    VPOS="724"
							    WIDTH="3" 
							    HEIGHT="37"/>
							<String ID="segment_82"
								CONTENT="55-57." 
								HPOS="1596" 
								VPOS="724"
								WIDTH="74" 
								HEIGHT="37" 
								WC="0.9983">
								<Glyph ID="char_277" 
								       CONTENT="5"
								       HPOS="1596"
								       VPOS="724"
								       WIDTH="4"
								       HEIGHT="37"
								       GC="0.9999">
								</Glyph>
								<Glyph ID="char_278" 
								       CONTENT="5"
								       HPOS="1615"
								       VPOS="724"
								       WIDTH="0"
								       HEIGHT="37"
								       GC="0.99">
								</Glyph>
								<Glyph ID="char_279" 
								       CONTENT="-"
								       HPOS="1626"
								       VPOS="724"
								       WIDTH="3"
								       HEIGHT="37"
								       GC="1.0">
								</Glyph>
								<Glyph ID="char_280" 
								       CONTENT="5"
								       HPOS="1641"
								       VPOS="724"
								       WIDTH="3"
								       HEIGHT="37"
								       GC="1.0">
								</Glyph>
								<Glyph ID="char_281" 
								       CONTENT="7"
								       HPOS="1659"
								       VPOS="724"
								       WIDTH="4"
								       HEIGHT="37"
								       GC="1.0">
								</Glyph>
								<Glyph ID="char_282" 
								       CONTENT="."
								       HPOS="1670"
								       VPOS="724"
								       WIDTH="0"
								       HEIGHT="37"
								       GC="1.0">
								</Glyph>
							</String>
					</TextLine>
					<TextLine ID="line_5"
						  HPOS="746"
						  VPOS="763" 
						  WIDTH="1020" 
						  HEIGHT="41">
							<String ID="segment_83"
								CONTENT="-Johannes" 
								HPOS="746" 
								VPOS="763"
								WIDTH="130" 
								HEIGHT="41" 
								WC="0.9994">
								<Glyph ID="char_283" 
								       CONTENT="-"
								       HPOS="746"
								       VPOS="763"
								       WIDTH="0"
								       HEIGHT="41"
								       GC="0.9952">
								</Glyph>
								<Glyph ID="char_284" 
								       CONTENT="J"
								       HPOS="769"
								       VPOS="763"
								       WIDTH="0"
								       HEIGHT="41"
								       GC="1.0">
								</Glyph>
								<Glyph ID="char_285" 
								       CONTENT="o"
								       HPOS="780"
								       VPOS="763"
								       WIDTH="4"
								       HEIGHT="41"
								       GC="1.0">
								</Glyph>
								<Glyph ID="char_286" 
								       CONTENT="h"
								       HPOS="792"
								       VPOS="763"
								       WIDTH="4"
								       HEIGHT="41"
								       GC="1.0">
								</Glyph>
								<Glyph ID="char_287" 
								       CONTENT="a"
								       HPOS="811"
								       VPOS="763"
								       WIDTH="4"
								       HEIGHT="41"
								       GC="1.0">
								</Glyph>
								<Glyph ID="char_288" 
								       CONTENT="n"
								       HPOS="826"
								       VPOS="763"
								       WIDTH="4"
								       HEIGHT="41"
								       GC="0.9996">
								</Glyph>
								<Glyph ID="char_289" 
								       CONTENT="n"
								       HPOS="846"
								       VPOS="763"
								       WIDTH="0"
								       HEIGHT="41"
								       GC="1.0">
								</Glyph>
								<Glyph ID="char_290" 
								       CONTENT="e"
								       HPOS="861"
								       VPOS="763"
								       WIDTH="4"
								       HEIGHT="41"
								       GC="1.0">
								</Glyph>
								<Glyph ID="char_291" 
								       CONTENT="s"
								       HPOS="876"
								       VPOS="763"
								       WIDTH="0"
								       HEIGHT="41"
								       GC="1.0">
								</Glyph>
							</String>
							<SP ID="segment_84"
							    HPOS="884" 
							    VPOS="763"
							    WIDTH="4" 
							    HEIGHT="41"/>
							<String ID="segment_85"
								CONTENT="Comander" 
								HPOS="903" 
								VPOS="763"
								WIDTH="123" 
								HEIGHT="41" 
								WC="0.9997">
								<Glyph ID="char_293" 
								       CONTENT="C"
								       HPOS="903"
								       VPOS="763"
								       WIDTH="4"
								       HEIGHT="41"
								       GC="0.9998">
								</Glyph>
								<Glyph ID="char_294" 
								       CONTENT="o"
								       HPOS="922"
								       VPOS="763"
								       WIDTH="0"
								       HEIGHT="41"
								       GC="0.9979">
								</Glyph>
								<Glyph ID="char_295" 
								       CONTENT="m"
								       HPOS="938"
								       VPOS="763"
								       WIDTH="0"
								       HEIGHT="41"
								       GC="1.0">
								</Glyph>
								<Glyph ID="char_296" 
								       CONTENT="a"
								       HPOS="961"
								       VPOS="763"
								       WIDTH="4"
								       HEIGHT="41"
								       GC="1.0">
								</Glyph>
								<Glyph ID="char_297" 
								       CONTENT="n"
								       HPOS="976"
								       VPOS="763"
								       WIDTH="4"
								       HEIGHT="41"
								       GC="1.0">
								</Glyph>
								<Glyph ID="char_298" 
								       CONTENT="d"
								       HPOS="999"
								       VPOS="763"
								       WIDTH="0"
								       HEIGHT="41"
								       GC="1.0">
								</Glyph>
								<Glyph ID="char_299" 
								       CONTENT="e"
								       HPOS="1011"
								       VPOS="763"
								       WIDTH="3"
								       HEIGHT="41"
								       GC="1.0">
								</Glyph>
								<Glyph ID="char_300" 
								       CONTENT="r"
								       HPOS="1026"
								       VPOS="763"
								       WIDTH="0"
								       HEIGHT="41"
								       GC="1.0">
								</Glyph>
							</String>
							<SP ID="segment_86"
							    HPOS="1030" 
							    VPOS="763"
							    WIDTH="4" 
							    HEIGHT="41"/>
							<String ID="segment_87"
								CONTENT="und" 
								HPOS="1045" 
								VPOS="763"
								WIDTH="42" 
								HEIGHT="41" 
								WC="1.0">
								<Glyph ID="char_302" 
								       CONTENT="u"
								       HPOS="1045"
								       VPOS="763"
								       WIDTH="4"
								       HEIGHT="41"
								       GC="1.0">
								</Glyph>
								<Glyph ID="char_303" 
								       CONTENT="n"
								       HPOS="1060"
								       VPOS="763"
								       WIDTH="4"
								       HEIGHT="41"
								       GC="1.0">
								</Glyph>
								<Glyph ID="char_304" 
								       CONTENT="d"
								       HPOS="1083"
								       VPOS="763"
								       WIDTH="4"
								       HEIGHT="41"
								       GC="1.0">
								</Glyph>
							</String>
							<SP ID="segment_88"
							    HPOS="1091" 
							    VPOS="763"
							    WIDTH="4" 
							    HEIGHT="41"/>
							<String ID="segment_89"
								CONTENT="Philipp" 
								HPOS="1110" 
								VPOS="763"
								WIDTH="73" 
								HEIGHT="41" 
								WC="1.0">
								<Glyph ID="char_306" 
								       CONTENT="P"
								       HPOS="1110"
								       VPOS="763"
								       WIDTH="0"
								       HEIGHT="41"
								       GC="1.0">
								</Glyph>
								<Glyph ID="char_307" 
								       CONTENT="h"
								       HPOS="1122"
								       VPOS="763"
								       WIDTH="0"
								       HEIGHT="41"
								       GC="1.0">
								</Glyph>
								<Glyph ID="char_308" 
								       CONTENT="i"
								       HPOS="1137"
								       VPOS="763"
								       WIDTH="0"
								       HEIGHT="41"
								       GC="1.0">
								</Glyph>
								<Glyph ID="char_309" 
								       CONTENT="l"
								       HPOS="1145"
								       VPOS="763"
								       WIDTH="4"
								       HEIGHT="41"
								       GC="1.0">
								</Glyph>
								<Glyph ID="char_310" 
								       CONTENT="i"
								       HPOS="1156"
								       VPOS="763"
								       WIDTH="0"
								       HEIGHT="41"
								       GC="1.0">
								</Glyph>
								<Glyph ID="char_311" 
								       CONTENT="p"
								       HPOS="1164"
								       VPOS="763"
								       WIDTH="4"
								       HEIGHT="41"
								       GC="1.0">
								</Glyph>
								<Glyph ID="char_312" 
								       CONTENT="p"
								       HPOS="1183"
								       VPOS="763"
								       WIDTH="0"
								       HEIGHT="41"
								       GC="1.0">
								</Glyph>
							</String>
							<SP ID="segment_90"
							    HPOS="1195" 
							    VPOS="763"
							    WIDTH="7" 
							    HEIGHT="41"/>
							<String ID="segment_91"
								CONTENT="Gallicius" 
								HPOS="1218" 
								VPOS="763"
								WIDTH="103" 
								HEIGHT="41" 
								WC="0.9995">
								<Glyph ID="char_314" 
								       CONTENT="G"
								       HPOS="1218"
								       VPOS="763"
								       WIDTH="4"
								       HEIGHT="41"
								       GC="1.0">
								</Glyph>
								<Glyph ID="char_315" 
								       CONTENT="a"
								       HPOS="1233"
								       VPOS="763"
								       WIDTH="4"
								       HEIGHT="41"
								       GC="1.0">
								</Glyph>
								<Glyph ID="char_316" 
								       CONTENT="l"
								       HPOS="1248"
								       VPOS="763"
								       WIDTH="0"
								       HEIGHT="41"
								       GC="1.0">
								</Glyph>
								<Glyph ID="char_317" 
								       CONTENT="l"
								       HPOS="1256"
								       VPOS="763"
								       WIDTH="0"
								       HEIGHT="41"
								       GC="0.9953">
								</Glyph>
								<Glyph ID="char_318" 
								       CONTENT="i"
								       HPOS="1264"
								       VPOS="763"
								       WIDTH="4"
								       HEIGHT="41"
								       GC="1.0">
								</Glyph>
								<Glyph ID="char_319" 
								       CONTENT="c"
								       HPOS="1279"
								       VPOS="763"
								       WIDTH="0"
								       HEIGHT="41"
								       GC="1.0">
								</Glyph>
								<Glyph ID="char_320" 
								       CONTENT="i"
								       HPOS="1291"
								       VPOS="763"
								       WIDTH="0"
								       HEIGHT="41"
								       GC="1.0">
								</Glyph>
								<Glyph ID="char_321" 
								       CONTENT="u"
								       HPOS="1302"
								       VPOS="763"
								       WIDTH="4"
								       HEIGHT="41"
								       GC="1.0">
								</Glyph>
								<Glyph ID="char_322" 
								       CONTENT="s"
								       HPOS="1317"
								       VPOS="763"
								       WIDTH="4"
								       HEIGHT="41"
								       GC="1.0">
								</Glyph>
							</String>
							<SP ID="segment_92"
							    HPOS="1325" 
							    VPOS="763"
							    WIDTH="4" 
							    HEIGHT="41"/>
							<String ID="segment_93"
								CONTENT="an" 
								HPOS="1340" 
								VPOS="763"
								WIDTH="16" 
								HEIGHT="41" 
								WC="0.9443">
								<Glyph ID="char_324" 
								       CONTENT="a"
								       HPOS="1340"
								       VPOS="763"
								       WIDTH="0"
								       HEIGHT="41"
								       GC="1.0">
								</Glyph>
								<Glyph ID="char_325" 
								       CONTENT="n"
								       HPOS="1356"
								       VPOS="763"
								       WIDTH="0"
								       HEIGHT="41"
								       GC="0.8885">
								</Glyph>
							</String>
							<SP ID="segment_94"
							    HPOS="1367" 
							    VPOS="763"
							    WIDTH="4" 
							    HEIGHT="41"/>
							<String ID="segment_95"
								CONTENT="Bullinger," 
								HPOS="1387" 
								VPOS="763"
								WIDTH="118" 
								HEIGHT="41" 
								WC="0.9989">
								<Glyph ID="char_327" 
								       CONTENT="B"
								       HPOS="1387"
								       VPOS="763"
								       WIDTH="3"
								       HEIGHT="41"
								       GC="0.9986">
								</Glyph>
								<Glyph ID="char_328" 
								       CONTENT="u"
								       HPOS="1402"
								       VPOS="763"
								       WIDTH="4"
								       HEIGHT="41"
								       GC="0.9999">
								</Glyph>
								<Glyph ID="char_329" 
								       CONTENT="l"
								       HPOS="1417"
								       VPOS="763"
								       WIDTH="4"
								       HEIGHT="41"
								       GC="0.9999">
								</Glyph>
								<Glyph ID="char_330" 
								       CONTENT="l"
								       HPOS="1429"
								       VPOS="763"
								       WIDTH="0"
								       HEIGHT="41"
								       GC="0.9999">
								</Glyph>
								<Glyph ID="char_331" 
								       CONTENT="i"
								       HPOS="1436"
								       VPOS="763"
								       WIDTH="0"
								       HEIGHT="41"
								       GC="0.9995">
								</Glyph>
								<Glyph ID="char_332" 
								       CONTENT="n"
								       HPOS="1448"
								       VPOS="763"
								       WIDTH="0"
								       HEIGHT="41"
								       GC="0.9989">
								</Glyph>
								<Glyph ID="char_333" 
								       CONTENT="g"
								       HPOS="1467"
								       VPOS="763"
								       WIDTH="4"
								       HEIGHT="41"
								       GC="0.9921">
								</Glyph>
								<Glyph ID="char_334" 
								       CONTENT="e"
								       HPOS="1482"
								       VPOS="763"
								       WIDTH="0"
								       HEIGHT="41"
								       GC="1.0">
								</Glyph>
								<Glyph ID="char_335" 
								       CONTENT="r"
								       HPOS="1494"
								       VPOS="763"
								       WIDTH="4"
								       HEIGHT="41"
								       GC="1.0">
								</Glyph>
								<Glyph ID="char_336" 
								       CONTENT=","
								       HPOS="1505"
								       VPOS="763"
								       WIDTH="0"
								       HEIGHT="41"
								       GC="1.0">
								</Glyph>
							</String>
							<SP ID="segment_96"
							    HPOS="1509" 
							    VPOS="763"
							    WIDTH="8" 
							    HEIGHT="41"/>
							<String ID="segment_97"
								CONTENT="12." 
								HPOS="1528" 
								VPOS="763"
								WIDTH="27" 
								HEIGHT="41" 
								WC="0.9869">
								<Glyph ID="char_338" 
								       CONTENT="1"
								       HPOS="1528"
								       VPOS="763"
								       WIDTH="0"
								       HEIGHT="41"
								       GC="0.9907">
								</Glyph>
								<Glyph ID="char_339" 
								       CONTENT="2"
								       HPOS="1544"
								       VPOS="763"
								       WIDTH="0"
								       HEIGHT="41"
								       GC="0.97">
								</Glyph>
								<Glyph ID="char_340" 
								       CONTENT="."
								       HPOS="1555"
								       VPOS="763"
								       WIDTH="0"
								       HEIGHT="41"
								       GC="0.9999">
								</Glyph>
							</String>
							<SP ID="segment_98"
							    HPOS="1563" 
							    VPOS="763"
							    WIDTH="4" 
							    HEIGHT="41"/>
							<String ID="segment_99"
								CONTENT="Dezember" 
								HPOS="1582" 
								VPOS="763"
								WIDTH="127" 
								HEIGHT="41" 
								WC="0.9999">
								<Glyph ID="char_342" 
								       CONTENT="D"
								       HPOS="1582"
								       VPOS="763"
								       WIDTH="0"
								       HEIGHT="41"
								       GC="1.0">
								</Glyph>
								<Glyph ID="char_343" 
								       CONTENT="e"
								       HPOS="1601"
								       VPOS="763"
								       WIDTH="4"
								       HEIGHT="41"
								       GC="1.0">
								</Glyph>
								<Glyph ID="char_344" 
								       CONTENT="z"
								       HPOS="1617"
								       VPOS="763"
								       WIDTH="4"
								       HEIGHT="41"
								       GC="1.0">
								</Glyph>
								<Glyph ID="char_345" 
								       CONTENT="e"
								       HPOS="1632"
								       VPOS="763"
								       WIDTH="0"
								       HEIGHT="41"
								       GC="1.0">
								</Glyph>
								<Glyph ID="char_346" 
								       CONTENT="m"
								       HPOS="1644"
								       VPOS="763"
								       WIDTH="3"
								       HEIGHT="41"
								       GC="1.0">
								</Glyph>
								<Glyph ID="char_347" 
								       CONTENT="b"
								       HPOS="1670"
								       VPOS="763"
								       WIDTH="4"
								       HEIGHT="41"
								       GC="0.9996">
								</Glyph>
								<Glyph ID="char_348" 
								       CONTENT="e"
								       HPOS="1693"
								       VPOS="763"
								       WIDTH="0"
								       HEIGHT="41"
								       GC="0.9998">
								</Glyph>
								<Glyph ID="char_349" 
								       CONTENT="r"
								       HPOS="1705"
								       VPOS="763"
								       WIDTH="4"
								       HEIGHT="41"
								       GC="0.9998">
								</Glyph>
							</String>
							<SP ID="segment_100"
							    HPOS="1716" 
							    VPOS="763"
							    WIDTH="4" 
							    HEIGHT="41"/>
							<String ID="segment_101"
								CONTENT="1SS" 
								HPOS="1732" 
								VPOS="763"
								WIDTH="34" 
								HEIGHT="41" 
								WC="1.0">
								<Glyph ID="char_351" 
								       CONTENT="1"
								       HPOS="1732"
								       VPOS="763"
								       WIDTH="4"
								       HEIGHT="41"
								       GC="1.0">
								</Glyph>
								<Glyph ID="char_352" 
								       CONTENT="S"
								       HPOS="1751"
								       VPOS="763"
								       WIDTH="0"
								       HEIGHT="41"
								       GC="1.0">
								</Glyph>
								<Glyph ID="char_353" 
								       CONTENT="S"
								       HPOS="1766"
								       VPOS="763"
								       WIDTH="0"
								       HEIGHT="41"
								       GC="1.0">
								</Glyph>
							</String>
					</TextLine>
					<TextLine ID="line_6"
						  HPOS="805"
						  VPOS="802" 
						  WIDTH="163" 
						  HEIGHT="26">
							<String ID="segment_102"
								CONTENT="auf" 
								HPOS="805" 
								VPOS="802"
								WIDTH="37" 
								HEIGHT="26" 
								WC="1.0">
								<Glyph ID="char_354" 
								       CONTENT="a"
								       HPOS="805"
								       VPOS="802"
								       WIDTH="4"
								       HEIGHT="26"
								       GC="1.0">
								</Glyph>
								<Glyph ID="char_355" 
								       CONTENT="u"
								       HPOS="822"
								       VPOS="802"
								       WIDTH="4"
								       HEIGHT="26"
								       GC="1.0">
								</Glyph>
								<Glyph ID="char_356" 
								       CONTENT="f"
								       HPOS="838"
								       VPOS="802"
								       WIDTH="4"
								       HEIGHT="26"
								       GC="0.9999">
								</Glyph>
							</String>
							<SP ID="segment_103"
							    HPOS="850" 
							    VPOS="802"
							    WIDTH="0" 
							    HEIGHT="26"/>
							<String ID="segment_104"
								CONTENT="S." 
								HPOS="862" 
								VPOS="802"
								WIDTH="12" 
								HEIGHT="26" 
								WC="1.0">
								<Glyph ID="char_358" 
								       CONTENT="S"
								       HPOS="862"
								       VPOS="802"
								       WIDTH="0"
								       HEIGHT="26"
								       GC="1.0">
								</Glyph>
								<Glyph ID="char_359" 
								       CONTENT="."
								       HPOS="874"
								       VPOS="802"
								       WIDTH="0"
								       HEIGHT="26"
								       GC="1.0">
								</Glyph>
							</String>
							<SP ID="segment_105"
							    HPOS="878" 
							    VPOS="802"
							    WIDTH="4" 
							    HEIGHT="26"/>
							<String ID="segment_106"
								CONTENT="57-59." 
								HPOS="895" 
								VPOS="802"
								WIDTH="73" 
								HEIGHT="26" 
								WC="0.9998">
								<Glyph ID="char_361" 
								       CONTENT="5"
								       HPOS="895"
								       VPOS="802"
								       WIDTH="4"
								       HEIGHT="26"
								       GC="0.9995">
								</Glyph>
								<Glyph ID="char_362" 
								       CONTENT="7"
								       HPOS="911"
								       VPOS="802"
								       WIDTH="4"
								       HEIGHT="26"
								       GC="1.0">
								</Glyph>
								<Glyph ID="char_363" 
								       CONTENT="-"
								       HPOS="923"
								       VPOS="802"
								       WIDTH="4"
								       HEIGHT="26"
								       GC="1.0">
								</Glyph>
								<Glyph ID="char_364" 
								       CONTENT="5"
								       HPOS="939"
								       VPOS="802"
								       WIDTH="0"
								       HEIGHT="26"
								       GC="0.9995">
								</Glyph>
								<Glyph ID="char_365" 
								       CONTENT="9"
								       HPOS="952"
								       VPOS="802"
								       WIDTH="4"
								       HEIGHT="26"
								       GC="1.0">
								</Glyph>
								<Glyph ID="char_366" 
								       CONTENT="."
								       HPOS="968"
								       VPOS="802"
								       WIDTH="0"
								       HEIGHT="26"
								       GC="1.0">
								</Glyph>
							</String>
					</TextLine>
					<TextLine ID="line_7"
						  HPOS="745"
						  VPOS="840" 
						  WIDTH="1051" 
						  HEIGHT="41">
							<String ID="segment_107"
								CONTENT="-" 
								HPOS="745" 
								VPOS="840"
								WIDTH="0" 
								HEIGHT="41" 
								WC="0.9988">
								<Glyph ID="char_367" 
								       CONTENT="-"
								       HPOS="745"
								       VPOS="840"
								       WIDTH="0"
								       HEIGHT="41"
								       GC="0.9988">
								</Glyph>
							</String>
							<SP ID="segment_108"
							    HPOS="756" 
							    VPOS="840"
							    WIDTH="0" 
							    HEIGHT="41"/>
							<String ID="segment_109"
								CONTENT="Johannes" 
								HPOS="767" 
								VPOS="840"
								WIDTH="110" 
								HEIGHT="41" 
								WC="0.9998">
								<Glyph ID="char_369" 
								       CONTENT="J"
								       HPOS="767"
								       VPOS="840"
								       WIDTH="0"
								       HEIGHT="41"
								       GC="1.0">
								</Glyph>
								<Glyph ID="char_370" 
								       CONTENT="o"
								       HPOS="781"
								       VPOS="840"
								       WIDTH="0"
								       HEIGHT="41"
								       GC="1.0">
								</Glyph>
								<Glyph ID="char_371" 
								       CONTENT="h"
								       HPOS="793"
								       VPOS="840"
								       WIDTH="0"
								       HEIGHT="41"
								       GC="1.0">
								</Glyph>
								<Glyph ID="char_372" 
								       CONTENT="a"
								       HPOS="811"
								       VPOS="840"
								       WIDTH="4"
								       HEIGHT="41"
								       GC="1.0">
								</Glyph>
								<Glyph ID="char_373" 
								       CONTENT="n"
								       HPOS="826"
								       VPOS="840"
								       WIDTH="0"
								       HEIGHT="41"
								       GC="1.0">
								</Glyph>
								<Glyph ID="char_374" 
								       CONTENT="n"
								       HPOS="844"
								       VPOS="840"
								       WIDTH="0"
								       HEIGHT="41"
								       GC="1.0">
								</Glyph>
								<Glyph ID="char_375" 
								       CONTENT="e"
								       HPOS="862"
								       VPOS="840"
								       WIDTH="0"
								       HEIGHT="41"
								       GC="0.9984">
								</Glyph>
								<Glyph ID="char_376" 
								       CONTENT="s"
								       HPOS="873"
								       VPOS="840"
								       WIDTH="4"
								       HEIGHT="41"
								       GC="1.0">
								</Glyph>
							</String>
							<SP ID="segment_110"
							    HPOS="884" 
							    VPOS="840"
							    WIDTH="8" 
							    HEIGHT="41"/>
							<String ID="segment_111"
								CONTENT="Comander" 
								HPOS="906" 
								VPOS="840"
								WIDTH="122" 
								HEIGHT="41" 
								WC="0.995">
								<Glyph ID="char_378" 
								       CONTENT="C"
								       HPOS="906"
								       VPOS="840"
								       WIDTH="4"
								       HEIGHT="41"
								       GC="1.0">
								</Glyph>
								<Glyph ID="char_379" 
								       CONTENT="o"
								       HPOS="925"
								       VPOS="840"
								       WIDTH="0"
								       HEIGHT="41"
								       GC="0.998">
								</Glyph>
								<Glyph ID="char_380" 
								       CONTENT="m"
								       HPOS="940"
								       VPOS="840"
								       WIDTH="0"
								       HEIGHT="41"
								       GC="0.9623">
								</Glyph>
								<Glyph ID="char_381" 
								       CONTENT="a"
								       HPOS="965"
								       VPOS="840"
								       WIDTH="0"
								       HEIGHT="41"
								       GC="1.0">
								</Glyph>
								<Glyph ID="char_382" 
								       CONTENT="n"
								       HPOS="980"
								       VPOS="840"
								       WIDTH="0"
								       HEIGHT="41"
								       GC="0.9998">
								</Glyph>
								<Glyph ID="char_383" 
								       CONTENT="d"
								       HPOS="1002"
								       VPOS="840"
								       WIDTH="0"
								       HEIGHT="41"
								       GC="1.0">
								</Glyph>
								<Glyph ID="char_384" 
								       CONTENT="e"
								       HPOS="1013"
								       VPOS="840"
								       WIDTH="4"
								       HEIGHT="41"
								       GC="1.0">
								</Glyph>
								<Glyph ID="char_385" 
								       CONTENT="r"
								       HPOS="1028"
								       VPOS="840"
								       WIDTH="0"
								       HEIGHT="41"
								       GC="1.0">
								</Glyph>
							</String>
							<SP ID="segment_112"
							    HPOS="1035" 
							    VPOS="840"
							    WIDTH="8" 
							    HEIGHT="41"/>
							<String ID="segment_113"
								CONTENT="und" 
								HPOS="1050" 
								VPOS="840"
								WIDTH="44" 
								HEIGHT="41" 
								WC="0.9999">
								<Glyph ID="char_387" 
								       CONTENT="u"
								       HPOS="1050"
								       VPOS="840"
								       WIDTH="4"
								       HEIGHT="41"
								       GC="0.9997">
								</Glyph>
								<Glyph ID="char_388" 
								       CONTENT="n"
								       HPOS="1068"
								       VPOS="840"
								       WIDTH="4"
								       HEIGHT="41"
								       GC="1.0">
								</Glyph>
								<Glyph ID="char_389" 
								       CONTENT="d"
								       HPOS="1090"
								       VPOS="840"
								       WIDTH="4"
								       HEIGHT="41"
								       GC="1.0">
								</Glyph>
							</String>
							<SP ID="segment_114"
							    HPOS="1098" 
							    VPOS="840"
							    WIDTH="7" 
							    HEIGHT="41"/>
							<String ID="segment_115"
								CONTENT="Philipp" 
								HPOS="1120" 
								VPOS="840"
								WIDTH="73" 
								HEIGHT="41" 
								WC="1.0">
								<Glyph ID="char_391" 
								       CONTENT="P"
								       HPOS="1120"
								       VPOS="840"
								       WIDTH="0"
								       HEIGHT="41"
								       GC="1.0">
								</Glyph>
								<Glyph ID="char_392" 
								       CONTENT="h"
								       HPOS="1131"
								       VPOS="840"
								       WIDTH="3"
								       HEIGHT="41"
								       GC="1.0">
								</Glyph>
								<Glyph ID="char_393" 
								       CONTENT="i"
								       HPOS="1149"
								       VPOS="840"
								       WIDTH="0"
								       HEIGHT="41"
								       GC="1.0">
								</Glyph>
								<Glyph ID="char_394" 
								       CONTENT="l"
								       HPOS="1157"
								       VPOS="840"
								       WIDTH="0"
								       HEIGHT="41"
								       GC="1.0">
								</Glyph>
								<Glyph ID="char_395" 
								       CONTENT="i"
								       HPOS="1168"
								       VPOS="840"
								       WIDTH="0"
								       HEIGHT="41"
								       GC="1.0">
								</Glyph>
								<Glyph ID="char_396" 
								       CONTENT="p"
								       HPOS="1175"
								       VPOS="840"
								       WIDTH="4"
								       HEIGHT="41"
								       GC="1.0">
								</Glyph>
								<Glyph ID="char_397" 
								       CONTENT="p"
								       HPOS="1193"
								       VPOS="840"
								       WIDTH="0"
								       HEIGHT="41"
								       GC="1.0">
								</Glyph>
							</String>
							<SP ID="segment_116"
							    HPOS="1208" 
							    VPOS="840"
							    WIDTH="7" 
							    HEIGHT="41"/>
							<String ID="segment_117"
								CONTENT="Gallicius" 
								HPOS="1234" 
								VPOS="840"
								WIDTH="99" 
								HEIGHT="41" 
								WC="0.96">
								<Glyph ID="char_399" 
								       CONTENT="G"
								       HPOS="1234"
								       VPOS="840"
								       WIDTH="0"
								       HEIGHT="41"
								       GC="0.984">
								</Glyph>
								<Glyph ID="char_400" 
								       CONTENT="a"
								       HPOS="1248"
								       VPOS="840"
								       WIDTH="4"
								       HEIGHT="41"
								       GC="1.0">
								</Glyph>
								<Glyph ID="char_401" 
								       CONTENT="l"
								       HPOS="1263"
								       VPOS="840"
								       WIDTH="0"
								       HEIGHT="41"
								       GC="0.9701">
								</Glyph>
								<Glyph ID="char_402" 
								       CONTENT="l"
								       HPOS="1271"
								       VPOS="840"
								       WIDTH="3"
								       HEIGHT="41"
								       GC="1.0">
								</Glyph>
								<Glyph ID="char_403" 
								       CONTENT="i"
								       HPOS="1282"
								       VPOS="840"
								       WIDTH="0"
								       HEIGHT="41"
								       GC="0.6856">
								</Glyph>
								<Glyph ID="char_404" 
								       CONTENT="c"
								       HPOS="1293"
								       VPOS="840"
								       WIDTH="3"
								       HEIGHT="41"
								       GC="1.0">
								</Glyph>
								<Glyph ID="char_405" 
								       CONTENT="i"
								       HPOS="1304"
								       VPOS="840"
								       WIDTH="3"
								       HEIGHT="41"
								       GC="1.0">
								</Glyph>
								<Glyph ID="char_406" 
								       CONTENT="u"
								       HPOS="1315"
								       VPOS="840"
								       WIDTH="3"
								       HEIGHT="41"
								       GC="1.0">
								</Glyph>
								<Glyph ID="char_407" 
								       CONTENT="s"
								       HPOS="1333"
								       VPOS="840"
								       WIDTH="0"
								       HEIGHT="41"
								       GC="1.0">
								</Glyph>
							</String>
							<SP ID="segment_118"
							    HPOS="1340" 
							    VPOS="840"
							    WIDTH="8" 
							    HEIGHT="41"/>
							<String ID="segment_119"
								CONTENT="an" 
								HPOS="1359" 
								VPOS="840"
								WIDTH="14" 
								HEIGHT="41" 
								WC="0.9555">
								<Glyph ID="char_409" 
								       CONTENT="a"
								       HPOS="1359"
								       VPOS="840"
								       WIDTH="0"
								       HEIGHT="41"
								       GC="1.0">
								</Glyph>
								<Glyph ID="char_410" 
								       CONTENT="n"
								       HPOS="1373"
								       VPOS="840"
								       WIDTH="0"
								       HEIGHT="41"
								       GC="0.9109">
								</Glyph>
							</String>
							<SP ID="segment_120"
							    HPOS="1384" 
							    VPOS="840"
							    WIDTH="12" 
							    HEIGHT="41"/>
							<String ID="segment_121"
								CONTENT="Bullinger," 
								HPOS="1410" 
								VPOS="840"
								WIDTH="118" 
								HEIGHT="41" 
								WC="0.9764">
								<Glyph ID="char_412" 
								       CONTENT="B"
								       HPOS="1410"
								       VPOS="840"
								       WIDTH="0"
								       HEIGHT="41"
								       GC="0.8135">
								</Glyph>
								<Glyph ID="char_413" 
								       CONTENT="u"
								       HPOS="1425"
								       VPOS="840"
								       WIDTH="4"
								       HEIGHT="41"
								       GC="1.0">
								</Glyph>
								<Glyph ID="char_414" 
								       CONTENT="l"
								       HPOS="1440"
								       VPOS="840"
								       WIDTH="0"
								       HEIGHT="41"
								       GC="1.0">
								</Glyph>
								<Glyph ID="char_415" 
								       CONTENT="l"
								       HPOS="1451"
								       VPOS="840"
								       WIDTH="0"
								       HEIGHT="41"
								       GC="1.0">
								</Glyph>
								<Glyph ID="char_416" 
								       CONTENT="i"
								       HPOS="1458"
								       VPOS="840"
								       WIDTH="4"
								       HEIGHT="41"
								       GC="0.9838">
								</Glyph>
								<Glyph ID="char_417" 
								       CONTENT="n"
								       HPOS="1469"
								       VPOS="840"
								       WIDTH="4"
								       HEIGHT="41"
								       GC="0.9998">
								</Glyph>
								<Glyph ID="char_418" 
								       CONTENT="g"
								       HPOS="1487"
								       VPOS="840"
								       WIDTH="4"
								       HEIGHT="41"
								       GC="0.9741">
								</Glyph>
								<Glyph ID="char_419" 
								       CONTENT="e"
								       HPOS="1506"
								       VPOS="840"
								       WIDTH="0"
								       HEIGHT="41"
								       GC="1.0">
								</Glyph>
								<Glyph ID="char_420" 
								       CONTENT="r"
								       HPOS="1517"
								       VPOS="840"
								       WIDTH="4"
								       HEIGHT="41"
								       GC="1.0">
								</Glyph>
								<Glyph ID="char_421" 
								       CONTENT=","
								       HPOS="1528"
								       VPOS="840"
								       WIDTH="0"
								       HEIGHT="41"
								       GC="0.9932">
								</Glyph>
							</String>
							<SP ID="segment_122"
							    HPOS="1532" 
							    VPOS="840"
							    WIDTH="7" 
							    HEIGHT="41"/>
							<String ID="segment_123"
								CONTENT="6." 
								HPOS="1554" 
								VPOS="840"
								WIDTH="11" 
								HEIGHT="41" 
								WC="0.9998">
								<Glyph ID="char_423" 
								       CONTENT="6"
								       HPOS="1554"
								       VPOS="840"
								       WIDTH="3"
								       HEIGHT="41"
								       GC="1.0">
								</Glyph>
								<Glyph ID="char_424" 
								       CONTENT="."
								       HPOS="1565"
								       VPOS="840"
								       WIDTH="0"
								       HEIGHT="41"
								       GC="0.9996">
								</Glyph>
							</String>
							<SP ID="segment_124"
							    HPOS="1572" 
							    VPOS="840"
							    WIDTH="4" 
							    HEIGHT="41"/>
							<String ID="segment_125"
								CONTENT="Mirz" 
								HPOS="1587" 
								VPOS="840"
								WIDTH="62" 
								HEIGHT="41" 
								WC="0.998">
								<Glyph ID="char_426" 
								       CONTENT="M"
								       HPOS="1587"
								       VPOS="840"
								       WIDTH="0"
								       HEIGHT="41"
								       GC="1.0">
								</Glyph>
								<Glyph ID="char_427" 
								       CONTENT="i"
								       HPOS="1616"
								       VPOS="840"
								       WIDTH="0"
								       HEIGHT="41"
								       GC="0.9921">
								</Glyph>
								<Glyph ID="char_428" 
								       CONTENT="r"
								       HPOS="1631"
								       VPOS="840"
								       WIDTH="4"
								       HEIGHT="41"
								       GC="1.0">
								</Glyph>
								<Glyph ID="char_429" 
								       CONTENT="z"
								       HPOS="1649"
								       VPOS="840"
								       WIDTH="0"
								       HEIGHT="41"
								       GC="1.0">
								</Glyph>
							</String>
							<SP ID="segment_126"
							    HPOS="1660" 
							    VPOS="840"
							    WIDTH="8" 
							    HEIGHT="41"/>
							<String ID="segment_127"
								CONTENT="1553," 
								HPOS="1679" 
								VPOS="840"
								WIDTH="62" 
								HEIGHT="41" 
								WC="0.9999">
								<Glyph ID="char_431" 
								       CONTENT="1"
								       HPOS="1679"
								       VPOS="840"
								       WIDTH="0"
								       HEIGHT="41"
								       GC="1.0">
								</Glyph>
								<Glyph ID="char_432" 
								       CONTENT="5"
								       HPOS="1697"
								       VPOS="840"
								       WIDTH="0"
								       HEIGHT="41"
								       GC="1.0">
								</Glyph>
								<Glyph ID="char_433" 
								       CONTENT="5"
								       HPOS="1712"
								       VPOS="840"
								       WIDTH="0"
								       HEIGHT="41"
								       GC="1.0">
								</Glyph>
								<Glyph ID="char_434" 
								       CONTENT="3"
								       HPOS="1726"
								       VPOS="840"
								       WIDTH="0"
								       HEIGHT="41"
								       GC="0.9997">
								</Glyph>
								<Glyph ID="char_435" 
								       CONTENT=","
								       HPOS="1741"
								       VPOS="840"
								       WIDTH="0"
								       HEIGHT="41"
								       GC="0.9999">
								</Glyph>
							</String>
							<SP ID="segment_128"
							    HPOS="1745" 
							    VPOS="840"
							    WIDTH="7" 
							    HEIGHT="41"/>
							<String ID="segment_129"
								CONTENT="auf" 
								HPOS="1763" 
								VPOS="840"
								WIDTH="33" 
								HEIGHT="41" 
								WC="1.0">
								<Glyph ID="char_437" 
								       CONTENT="a"
								       HPOS="1763"
								       VPOS="840"
								       WIDTH="4"
								       HEIGHT="41"
								       GC="1.0">
								</Glyph>
								<Glyph ID="char_438" 
								       CONTENT="u"
								       HPOS="1778"
								       VPOS="840"
								       WIDTH="4"
								       HEIGHT="41"
								       GC="1.0">
								</Glyph>
								<Glyph ID="char_439" 
								       CONTENT="f"
								       HPOS="1796"
								       VPOS="840"
								       WIDTH="0"
								       HEIGHT="41"
								       GC="1.0">
								</Glyph>
							</String>
					</TextLine>
					<TextLine ID="line_8"
						  HPOS="808"
						  VPOS="879" 
						  WIDTH="108" 
						  HEIGHT="25">
							<String ID="segment_130"
								CONTENT="S." 
								HPOS="808" 
								VPOS="879"
								WIDTH="12" 
								HEIGHT="25" 
								WC="1.0">
								<Glyph ID="char_440" 
								       CONTENT="S"
								       HPOS="808"
								       VPOS="879"
								       WIDTH="0"
								       HEIGHT="25"
								       GC="1.0">
								</Glyph>
								<Glyph ID="char_441" 
								       CONTENT="."
								       HPOS="820"
								       VPOS="879"
								       WIDTH="0"
								       HEIGHT="25"
								       GC="1.0">
								</Glyph>
							</String>
							<SP ID="segment_131"
							    HPOS="828" 
							    VPOS="879"
							    WIDTH="4" 
							    HEIGHT="25"/>
							<String ID="segment_132"
								CONTENT="59-62." 
								HPOS="844" 
								VPOS="879"
								WIDTH="72" 
								HEIGHT="25" 
								WC="0.8996">
								<Glyph ID="char_443" 
								       CONTENT="5"
								       HPOS="844"
								       VPOS="879"
								       WIDTH="0"
								       HEIGHT="25"
								       GC="0.9406">
								</Glyph>
								<Glyph ID="char_444" 
								       CONTENT="9"
								       HPOS="856"
								       VPOS="879"
								       WIDTH="4"
								       HEIGHT="25"
								       GC="1.0">
								</Glyph>
								<Glyph ID="char_445" 
								       CONTENT="-"
								       HPOS="872"
								       VPOS="879"
								       WIDTH="0"
								       HEIGHT="25"
								       GC="0.9999">
								</Glyph>
								<Glyph ID="char_446" 
								       CONTENT="6"
								       HPOS="888"
								       VPOS="879"
								       WIDTH="0"
								       HEIGHT="25"
								       GC="0.7888">
								</Glyph>
								<Glyph ID="char_447" 
								       CONTENT="2"
								       HPOS="904"
								       VPOS="879"
								       WIDTH="0"
								       HEIGHT="25"
								       GC="0.6685">
								</Glyph>
								<Glyph ID="char_448" 
								       CONTENT="."
								       HPOS="912"
								       VPOS="879"
								       WIDTH="4"
								       HEIGHT="25"
								       GC="1.0">
								</Glyph>
							</String>
					</TextLine>
					<TextLine ID="line_9"
						  HPOS="744"
						  VPOS="917" 
						  WIDTH="1052" 
						  HEIGHT="41">
							<String ID="segment_133"
								CONTENT="-Johannes" 
								HPOS="744" 
								VPOS="917"
								WIDTH="130" 
								HEIGHT="41" 
								WC="0.9988">
								<Glyph ID="char_449" 
								       CONTENT="-"
								       HPOS="744"
								       VPOS="917"
								       WIDTH="0"
								       HEIGHT="41"
								       GC="0.9893">
								</Glyph>
								<Glyph ID="char_450" 
								       CONTENT="J"
								       HPOS="767"
								       VPOS="917"
								       WIDTH="0"
								       HEIGHT="41"
								       GC="1.0">
								</Glyph>
								<Glyph ID="char_451" 
								       CONTENT="o"
								       HPOS="778"
								       VPOS="917"
								       WIDTH="4"
								       HEIGHT="41"
								       GC="1.0">
								</Glyph>
								<Glyph ID="char_452" 
								       CONTENT="h"
								       HPOS="790"
								       VPOS="917"
								       WIDTH="4"
								       HEIGHT="41"
								       GC="1.0">
								</Glyph>
								<Glyph ID="char_453" 
								       CONTENT="a"
								       HPOS="809"
								       VPOS="917"
								       WIDTH="4"
								       HEIGHT="41"
								       GC="1.0">
								</Glyph>
								<Glyph ID="char_454" 
								       CONTENT="n"
								       HPOS="825"
								       VPOS="917"
								       WIDTH="0"
								       HEIGHT="41"
								       GC="1.0">
								</Glyph>
								<Glyph ID="char_455" 
								       CONTENT="n"
								       HPOS="844"
								       VPOS="917"
								       WIDTH="0"
								       HEIGHT="41"
								       GC="1.0">
								</Glyph>
								<Glyph ID="char_456" 
								       CONTENT="e"
								       HPOS="859"
								       VPOS="917"
								       WIDTH="4"
								       HEIGHT="41"
								       GC="0.9999">
								</Glyph>
								<Glyph ID="char_457" 
								       CONTENT="s"
								       HPOS="874"
								       VPOS="917"
								       WIDTH="0"
								       HEIGHT="41"
								       GC="1.0">
								</Glyph>
							</String>
							<SP ID="segment_134"
							    HPOS="882" 
							    VPOS="917"
							    WIDTH="8" 
							    HEIGHT="41"/>
							<String ID="segment_135"
								CONTENT="Comander" 
								HPOS="905" 
								VPOS="917"
								WIDTH="123" 
								HEIGHT="41" 
								WC="0.9975">
								<Glyph ID="char_459" 
								       CONTENT="C"
								       HPOS="905"
								       VPOS="917"
								       WIDTH="4"
								       HEIGHT="41"
								       GC="1.0">
								</Glyph>
								<Glyph ID="char_460" 
								       CONTENT="o"
								       HPOS="921"
								       VPOS="917"
								       WIDTH="3"
								       HEIGHT="41"
								       GC="1.0">
								</Glyph>
								<Glyph ID="char_461" 
								       CONTENT="m"
								       HPOS="936"
								       VPOS="917"
								       WIDTH="0"
								       HEIGHT="41"
								       GC="1.0">
								</Glyph>
								<Glyph ID="char_462" 
								       CONTENT="a"
								       HPOS="963"
								       VPOS="917"
								       WIDTH="0"
								       HEIGHT="41"
								       GC="0.9998">
								</Glyph>
								<Glyph ID="char_463" 
								       CONTENT="n"
								       HPOS="978"
								       VPOS="917"
								       WIDTH="0"
								       HEIGHT="41"
								       GC="0.9999">
								</Glyph>
								<Glyph ID="char_464" 
								       CONTENT="d"
								       HPOS="997"
								       VPOS="917"
								       WIDTH="4"
								       HEIGHT="41"
								       GC="1.0">
								</Glyph>
								<Glyph ID="char_465" 
								       CONTENT="e"
								       HPOS="1013"
								       VPOS="917"
								       WIDTH="0"
								       HEIGHT="41"
								       GC="0.9799">
								</Glyph>
								<Glyph ID="char_466" 
								       CONTENT="r"
								       HPOS="1024"
								       VPOS="917"
								       WIDTH="4"
								       HEIGHT="41"
								       GC="1.0">
								</Glyph>
							</String>
							<SP ID="segment_136"
							    HPOS="1032" 
							    VPOS="917"
							    WIDTH="4" 
							    HEIGHT="41"/>
							<String ID="segment_137"
								CONTENT="und" 
								HPOS="1047" 
								VPOS="917"
								WIDTH="43" 
								HEIGHT="41" 
								WC="1.0">
								<Glyph ID="char_468" 
								       CONTENT="u"
								       HPOS="1047"
								       VPOS="917"
								       WIDTH="4"
								       HEIGHT="41"
								       GC="1.0">
								</Glyph>
								<Glyph ID="char_469" 
								       CONTENT="n"
								       HPOS="1063"
								       VPOS="917"
								       WIDTH="3"
								       HEIGHT="41"
								       GC="1.0">
								</Glyph>
								<Glyph ID="char_470" 
								       CONTENT="d"
								       HPOS="1086"
								       VPOS="917"
								       WIDTH="4"
								       HEIGHT="41"
								       GC="1.0">
								</Glyph>
							</String>
							<SP ID="segment_138"
							    HPOS="1093" 
							    VPOS="917"
							    WIDTH="8" 
							    HEIGHT="41"/>
							<String ID="segment_139"
								CONTENT="Philipp" 
								HPOS="1113" 
								VPOS="917"
								WIDTH="73" 
								HEIGHT="41" 
								WC="0.9991">
								<Glyph ID="char_472" 
								       CONTENT="P"
								       HPOS="1113"
								       VPOS="917"
								       WIDTH="0"
								       HEIGHT="41"
								       GC="1.0">
								</Glyph>
								<Glyph ID="char_473" 
								       CONTENT="h"
								       HPOS="1124"
								       VPOS="917"
								       WIDTH="0"
								       HEIGHT="41"
								       GC="1.0">
								</Glyph>
								<Glyph ID="char_474" 
								       CONTENT="i"
								       HPOS="1139"
								       VPOS="917"
								       WIDTH="4"
								       HEIGHT="41"
								       GC="1.0">
								</Glyph>
								<Glyph ID="char_475" 
								       CONTENT="l"
								       HPOS="1151"
								       VPOS="917"
								       WIDTH="0"
								       HEIGHT="41"
								       GC="1.0">
								</Glyph>
								<Glyph ID="char_476" 
								       CONTENT="i"
								       HPOS="1159"
								       VPOS="917"
								       WIDTH="3"
								       HEIGHT="41"
								       GC="1.0">
								</Glyph>
								<Glyph ID="char_477" 
								       CONTENT="p"
								       HPOS="1170"
								       VPOS="917"
								       WIDTH="0"
								       HEIGHT="41"
								       GC="1.0">
								</Glyph>
								<Glyph ID="char_478" 
								       CONTENT="p"
								       HPOS="1186"
								       VPOS="917"
								       WIDTH="0"
								       HEIGHT="41"
								       GC="0.9939">
								</Glyph>
							</String>
							<SP ID="segment_140"
							    HPOS="1201" 
							    VPOS="917"
							    WIDTH="4" 
							    HEIGHT="41"/>
							<String ID="segment_141"
								CONTENT="Gallicius" 
								HPOS="1224" 
								VPOS="917"
								WIDTH="100" 
								HEIGHT="41" 
								WC="0.9544">
								<Glyph ID="char_480" 
								       CONTENT="G"
								       HPOS="1224"
								       VPOS="917"
								       WIDTH="0"
								       HEIGHT="41"
								       GC="0.6927">
								</Glyph>
								<Glyph ID="char_481" 
								       CONTENT="a"
								       HPOS="1239"
								       VPOS="917"
								       WIDTH="4"
								       HEIGHT="41"
								       GC="1.0">
								</Glyph>
								<Glyph ID="char_482" 
								       CONTENT="l"
								       HPOS="1251"
								       VPOS="917"
								       WIDTH="4"
								       HEIGHT="41"
								       GC="1.0">
								</Glyph>
								<Glyph ID="char_483" 
								       CONTENT="l"
								       HPOS="1262"
								       VPOS="917"
								       WIDTH="0"
								       HEIGHT="41"
								       GC="1.0">
								</Glyph>
								<Glyph ID="char_484" 
								       CONTENT="i"
								       HPOS="1270"
								       VPOS="917"
								       WIDTH="0"
								       HEIGHT="41"
								       GC="0.8967">
								</Glyph>
								<Glyph ID="char_485" 
								       CONTENT="c"
								       HPOS="1285"
								       VPOS="917"
								       WIDTH="0"
								       HEIGHT="41"
								       GC="1.0">
								</Glyph>
								<Glyph ID="char_486" 
								       CONTENT="i"
								       HPOS="1293"
								       VPOS="917"
								       WIDTH="4"
								       HEIGHT="41"
								       GC="1.0">
								</Glyph>
								<Glyph ID="char_487" 
								       CONTENT="u"
								       HPOS="1305"
								       VPOS="917"
								       WIDTH="3"
								       HEIGHT="41"
								       GC="1.0">
								</Glyph>
								<Glyph ID="char_488" 
								       CONTENT="s"
								       HPOS="1324"
								       VPOS="917"
								       WIDTH="0"
								       HEIGHT="41"
								       GC="1.0">
								</Glyph>
							</String>
							<SP ID="segment_142"
							    HPOS="1331" 
							    VPOS="917"
							    WIDTH="8" 
							    HEIGHT="41"/>
							<String ID="segment_143"
								CONTENT="an" 
								HPOS="1347" 
								VPOS="917"
								WIDTH="15" 
								HEIGHT="41" 
								WC="0.999">
								<Glyph ID="char_490" 
								       CONTENT="a"
								       HPOS="1347"
								       VPOS="917"
								       WIDTH="4"
								       HEIGHT="41"
								       GC="1.0">
								</Glyph>
								<Glyph ID="char_491" 
								       CONTENT="n"
								       HPOS="1362"
								       VPOS="917"
								       WIDTH="0"
								       HEIGHT="41"
								       GC="0.9981">
								</Glyph>
							</String>
							<SP ID="segment_144"
							    HPOS="1374" 
							    VPOS="917"
							    WIDTH="7" 
							    HEIGHT="41"/>
							<String ID="segment_145"
								CONTENT="Bullinger," 
								HPOS="1397" 
								VPOS="917"
								WIDTH="115" 
								HEIGHT="41" 
								WC="0.9818">
								<Glyph ID="char_493" 
								       CONTENT="B"
								       HPOS="1397"
								       VPOS="917"
								       WIDTH="0"
								       HEIGHT="41"
								       GC="1.0">
								</Glyph>
								<Glyph ID="char_494" 
								       CONTENT="u"
								       HPOS="1412"
								       VPOS="917"
								       WIDTH="4"
								       HEIGHT="41"
								       GC="0.9997">
								</Glyph>
								<Glyph ID="char_495" 
								       CONTENT="l"
								       HPOS="1427"
								       VPOS="917"
								       WIDTH="0"
								       HEIGHT="41"
								       GC="0.8226">
								</Glyph>
								<Glyph ID="char_496" 
								       CONTENT="l"
								       HPOS="1435"
								       VPOS="917"
								       WIDTH="4"
								       HEIGHT="41"
								       GC="0.9997">
								</Glyph>
								<Glyph ID="char_497" 
								       CONTENT="i"
								       HPOS="1447"
								       VPOS="917"
								       WIDTH="0"
								       HEIGHT="41"
								       GC="0.9999">
								</Glyph>
								<Glyph ID="char_498" 
								       CONTENT="n"
								       HPOS="1454"
								       VPOS="917"
								       WIDTH="4"
								       HEIGHT="41"
								       GC="0.9998">
								</Glyph>
								<Glyph ID="char_499" 
								       CONTENT="g"
								       HPOS="1477"
								       VPOS="917"
								       WIDTH="0"
								       HEIGHT="41"
								       GC="0.9966">
								</Glyph>
								<Glyph ID="char_500" 
								       CONTENT="e"
								       HPOS="1493"
								       VPOS="917"
								       WIDTH="0"
								       HEIGHT="41"
								       GC="1.0">
								</Glyph>
								<Glyph ID="char_501" 
								       CONTENT="r"
								       HPOS="1504"
								       VPOS="917"
								       WIDTH="0"
								       HEIGHT="41"
								       GC="1.0">
								</Glyph>
								<Glyph ID="char_502" 
								       CONTENT=","
								       HPOS="1512"
								       VPOS="917"
								       WIDTH="0"
								       HEIGHT="41"
								       GC="1.0">
								</Glyph>
							</String>
							<SP ID="segment_146"
							    HPOS="1516" 
							    VPOS="917"
							    WIDTH="7" 
							    HEIGHT="41"/>
							<String ID="segment_147"
								CONTENT="22." 
								HPOS="1539" 
								VPOS="917"
								WIDTH="27" 
								HEIGHT="41" 
								WC="0.8413">
								<Glyph ID="char_504" 
								       CONTENT="2"
								       HPOS="1539"
								       VPOS="917"
								       WIDTH="0"
								       HEIGHT="41"
								       GC="1.0">
								</Glyph>
								<Glyph ID="char_505" 
								       CONTENT="2"
								       HPOS="1554"
								       VPOS="917"
								       WIDTH="0"
								       HEIGHT="41"
								       GC="1.0">
								</Glyph>
								<Glyph ID="char_506" 
								       CONTENT="."
								       HPOS="1566"
								       VPOS="917"
								       WIDTH="0"
								       HEIGHT="41"
								       GC="0.524">
								</Glyph>
							</String>
							<SP ID="segment_148"
							    HPOS="1573" 
							    VPOS="917"
							    WIDTH="4" 
							    HEIGHT="41"/>
							<String ID="segment_149"
								CONTENT="April" 
								HPOS="1593" 
								VPOS="917"
								WIDTH="61" 
								HEIGHT="41" 
								WC="0.9999">
								<Glyph ID="char_508" 
								       CONTENT="A"
								       HPOS="1593"
								       VPOS="917"
								       WIDTH="3"
								       HEIGHT="41"
								       GC="1.0">
								</Glyph>
								<Glyph ID="char_509" 
								       CONTENT="p"
								       HPOS="1612"
								       VPOS="917"
								       WIDTH="0"
								       HEIGHT="41"
								       GC="1.0">
								</Glyph>
								<Glyph ID="char_510" 
								       CONTENT="r"
								       HPOS="1631"
								       VPOS="917"
								       WIDTH="4"
								       HEIGHT="41"
								       GC="0.9999">
								</Glyph>
								<Glyph ID="char_511" 
								       CONTENT="i"
								       HPOS="1643"
								       VPOS="917"
								       WIDTH="3"
								       HEIGHT="41"
								       GC="1.0">
								</Glyph>
								<Glyph ID="char_512" 
								       CONTENT="l"
								       HPOS="1654"
								       VPOS="917"
								       WIDTH="0"
								       HEIGHT="41"
								       GC="0.9999">
								</Glyph>
							</String>
							<SP ID="segment_150"
							    HPOS="1662" 
							    VPOS="917"
							    WIDTH="4" 
							    HEIGHT="41"/>
							<String ID="segment_151"
								CONTENT="1553," 
								HPOS="1677" 
								VPOS="917"
								WIDTH="65" 
								HEIGHT="41" 
								WC="0.9643">
								<Glyph ID="char_514" 
								       CONTENT="1"
								       HPOS="1677"
								       VPOS="917"
								       WIDTH="4"
								       HEIGHT="41"
								       GC="1.0">
								</Glyph>
								<Glyph ID="char_515" 
								       CONTENT="5"
								       HPOS="1692"
								       VPOS="917"
								       WIDTH="4"
								       HEIGHT="41"
								       GC="0.9947">
								</Glyph>
								<Glyph ID="char_516" 
								       CONTENT="5"
								       HPOS="1712"
								       VPOS="917"
								       WIDTH="0"
								       HEIGHT="41"
								       GC="0.9997">
								</Glyph>
								<Glyph ID="char_517" 
								       CONTENT="3"
								       HPOS="1727"
								       VPOS="917"
								       WIDTH="0"
								       HEIGHT="41"
								       GC="0.8275">
								</Glyph>
								<Glyph ID="char_518" 
								       CONTENT=","
								       HPOS="1739"
								       VPOS="917"
								       WIDTH="3"
								       HEIGHT="41"
								       GC="0.9996">
								</Glyph>
							</String>
							<SP ID="segment_152"
							    HPOS="1746" 
							    VPOS="917"
							    WIDTH="4" 
							    HEIGHT="41"/>
							<String ID="segment_153"
								CONTENT="auf" 
								HPOS="1762" 
								VPOS="917"
								WIDTH="34" 
								HEIGHT="41" 
								WC="0.9992">
								<Glyph ID="char_520" 
								       CONTENT="a"
								       HPOS="1762"
								       VPOS="917"
								       WIDTH="0"
								       HEIGHT="41"
								       GC="1.0">
								</Glyph>
								<Glyph ID="char_521" 
								       CONTENT="u"
								       HPOS="1777"
								       VPOS="917"
								       WIDTH="0"
								       HEIGHT="41"
								       GC="0.9991">
								</Glyph>
								<Glyph ID="char_522" 
								       CONTENT="f"
								       HPOS="1792"
								       VPOS="917"
								       WIDTH="4"
								       HEIGHT="41"
								       GC="0.9984">
								</Glyph>
							</String>
					</TextLine>
					<TextLine ID="line_10"
						  HPOS="808"
						  VPOS="956" 
						  WIDTH="107" 
						  HEIGHT="25">
							<String ID="segment_154"
								CONTENT="S." 
								HPOS="808" 
								VPOS="956"
								WIDTH="13" 
								HEIGHT="25" 
								WC="1.0">
								<Glyph ID="char_523" 
								       CONTENT="S"
								       HPOS="808"
								       VPOS="956"
								       WIDTH="0"
								       HEIGHT="25"
								       GC="1.0">
								</Glyph>
								<Glyph ID="char_524" 
								       CONTENT="."
								       HPOS="821"
								       VPOS="956"
								       WIDTH="0"
								       HEIGHT="25"
								       GC="1.0">
								</Glyph>
							</String>
							<SP ID="segment_155"
							    HPOS="825" 
							    VPOS="956"
							    WIDTH="4" 
							    HEIGHT="25"/>
							<String ID="segment_156"
								CONTENT="62-67." 
								HPOS="842" 
								VPOS="956"
								WIDTH="73" 
								HEIGHT="25" 
								WC="0.9922">
								<Glyph ID="char_526" 
								       CONTENT="6"
								       HPOS="842"
								       VPOS="956"
								       WIDTH="4"
								       HEIGHT="25"
								       GC="1.0">
								</Glyph>
								<Glyph ID="char_527" 
								       CONTENT="2"
								       HPOS="859"
								       VPOS="956"
								       WIDTH="4"
								       HEIGHT="25"
								       GC="0.9994">
								</Glyph>
								<Glyph ID="char_528" 
								       CONTENT="-"
								       HPOS="872"
								       VPOS="956"
								       WIDTH="4"
								       HEIGHT="25"
								       GC="0.9942">
								</Glyph>
								<Glyph ID="char_529" 
								       CONTENT="6"
								       HPOS="889"
								       VPOS="956"
								       WIDTH="0"
								       HEIGHT="25"
								       GC="0.9598">
								</Glyph>
								<Glyph ID="char_530" 
								       CONTENT="7"
								       HPOS="902"
								       VPOS="956"
								       WIDTH="4"
								       HEIGHT="25"
								       GC="1.0">
								</Glyph>
								<Glyph ID="char_531" 
								       CONTENT="."
								       HPOS="915"
								       VPOS="956"
								       WIDTH="0"
								       HEIGHT="25"
								       GC="1.0">
								</Glyph>
							</String>
					</TextLine>
					<TextLine ID="line_11"
						  HPOS="743"
						  VPOS="993" 
						  WIDTH="783" 
						  HEIGHT="35">
							<String ID="segment_157"
								CONTENT="-" 
								HPOS="743" 
								VPOS="993"
								WIDTH="0" 
								HEIGHT="35" 
								WC="0.9997">
								<Glyph ID="char_532" 
								       CONTENT="-"
								       HPOS="743"
								       VPOS="993"
								       WIDTH="0"
								       HEIGHT="35"
								       GC="0.9997">
								</Glyph>
							</String>
							<SP ID="segment_158"
							    HPOS="754" 
							    VPOS="993"
							    WIDTH="0" 
							    HEIGHT="35"/>
							<String ID="segment_159"
								CONTENT="Philipp" 
								HPOS="766" 
								VPOS="993"
								WIDTH="77" 
								HEIGHT="35" 
								WC="0.9884">
								<Glyph ID="char_534" 
								       CONTENT="P"
								       HPOS="766"
								       VPOS="993"
								       WIDTH="4"
								       HEIGHT="35"
								       GC="1.0">
								</Glyph>
								<Glyph ID="char_535" 
								       CONTENT="h"
								       HPOS="781"
								       VPOS="993"
								       WIDTH="0"
								       HEIGHT="35"
								       GC="1.0">
								</Glyph>
								<Glyph ID="char_536" 
								       CONTENT="i"
								       HPOS="797"
								       VPOS="993"
								       WIDTH="3"
								       HEIGHT="35"
								       GC="1.0">
								</Glyph>
								<Glyph ID="char_537" 
								       CONTENT="l"
								       HPOS="808"
								       VPOS="993"
								       WIDTH="0"
								       HEIGHT="35"
								       GC="0.9185">
								</Glyph>
								<Glyph ID="char_538" 
								       CONTENT="i"
								       HPOS="816"
								       VPOS="993"
								       WIDTH="0"
								       HEIGHT="35"
								       GC="1.0">
								</Glyph>
								<Glyph ID="char_539" 
								       CONTENT="p"
								       HPOS="823"
								       VPOS="993"
								       WIDTH="4"
								       HEIGHT="35"
								       GC="1.0">
								</Glyph>
								<Glyph ID="char_540" 
								       CONTENT="p"
								       HPOS="843"
								       VPOS="993"
								       WIDTH="0"
								       HEIGHT="35"
								       GC="1.0">
								</Glyph>
							</String>
							<SP ID="segment_160"
							    HPOS="854" 
							    VPOS="993"
							    WIDTH="4" 
							    HEIGHT="35"/>
							<String ID="segment_161"
								CONTENT="Gallicius" 
								HPOS="877" 
								VPOS="993"
								WIDTH="100" 
								HEIGHT="35" 
								WC="0.9989">
								<Glyph ID="char_542" 
								       CONTENT="G"
								       HPOS="877"
								       VPOS="993"
								       WIDTH="0"
								       HEIGHT="35"
								       GC="1.0">
								</Glyph>
								<Glyph ID="char_543" 
								       CONTENT="a"
								       HPOS="893"
								       VPOS="993"
								       WIDTH="0"
								       HEIGHT="35"
								       GC="1.0">
								</Glyph>
								<Glyph ID="char_544" 
								       CONTENT="l"
								       HPOS="904"
								       VPOS="993"
								       WIDTH="0"
								       HEIGHT="35"
								       GC="0.9898">
								</Glyph>
								<Glyph ID="char_545" 
								       CONTENT="l"
								       HPOS="912"
								       VPOS="993"
								       WIDTH="4"
								       HEIGHT="35"
								       GC="1.0">
								</Glyph>
								<Glyph ID="char_546" 
								       CONTENT="i"
								       HPOS="923"
								       VPOS="993"
								       WIDTH="0"
								       HEIGHT="35"
								       GC="1.0">
								</Glyph>
								<Glyph ID="char_547" 
								       CONTENT="c"
								       HPOS="935"
								       VPOS="993"
								       WIDTH="0"
								       HEIGHT="35"
								       GC="1.0">
								</Glyph>
								<Glyph ID="char_548" 
								       CONTENT="i"
								       HPOS="946"
								       VPOS="993"
								       WIDTH="0"
								       HEIGHT="35"
								       GC="1.0">
								</Glyph>
								<Glyph ID="char_549" 
								       CONTENT="u"
								       HPOS="958"
								       VPOS="993"
								       WIDTH="4"
								       HEIGHT="35"
								       GC="1.0">
								</Glyph>
								<Glyph ID="char_550" 
								       CONTENT="s"
								       HPOS="973"
								       VPOS="993"
								       WIDTH="4"
								       HEIGHT="35"
								       GC="1.0">
								</Glyph>
							</String>
							<SP ID="segment_162"
							    HPOS="981" 
							    VPOS="993"
							    WIDTH="4" 
							    HEIGHT="35"/>
							<String ID="segment_163"
								CONTENT="an" 
								HPOS="996" 
								VPOS="993"
								WIDTH="16" 
								HEIGHT="35" 
								WC="0.9993">
								<Glyph ID="char_552" 
								       CONTENT="a"
								       HPOS="996"
								       VPOS="993"
								       WIDTH="0"
								       HEIGHT="35"
								       GC="0.9987">
								</Glyph>
								<Glyph ID="char_553" 
								       CONTENT="n"
								       HPOS="1012"
								       VPOS="993"
								       WIDTH="0"
								       HEIGHT="35"
								       GC="1.0">
								</Glyph>
							</String>
							<SP ID="segment_164"
							    HPOS="1023" 
							    VPOS="993"
							    WIDTH="4" 
							    HEIGHT="35"/>
							<String ID="segment_165"
								CONTENT="Bullinger," 
								HPOS="1042" 
								VPOS="993"
								WIDTH="115" 
								HEIGHT="35" 
								WC="1.0">
								<Glyph ID="char_555" 
								       CONTENT="B"
								       HPOS="1042"
								       VPOS="993"
								       WIDTH="0"
								       HEIGHT="35"
								       GC="1.0">
								</Glyph>
								<Glyph ID="char_556" 
								       CONTENT="u"
								       HPOS="1058"
								       VPOS="993"
								       WIDTH="3"
								       HEIGHT="35"
								       GC="1.0">
								</Glyph>
								<Glyph ID="char_557" 
								       CONTENT="l"
								       HPOS="1073"
								       VPOS="993"
								       WIDTH="0"
								       HEIGHT="35"
								       GC="1.0">
								</Glyph>
								<Glyph ID="char_558" 
								       CONTENT="l"
								       HPOS="1081"
								       VPOS="993"
								       WIDTH="0"
								       HEIGHT="35"
								       GC="1.0">
								</Glyph>
								<Glyph ID="char_559" 
								       CONTENT="i"
								       HPOS="1088"
								       VPOS="993"
								       WIDTH="4"
								       HEIGHT="35"
								       GC="1.0">
								</Glyph>
								<Glyph ID="char_560" 
								       CONTENT="n"
								       HPOS="1100"
								       VPOS="993"
								       WIDTH="4"
								       HEIGHT="35"
								       GC="1.0">
								</Glyph>
								<Glyph ID="char_561" 
								       CONTENT="g"
								       HPOS="1119"
								       VPOS="993"
								       WIDTH="4"
								       HEIGHT="35"
								       GC="1.0">
								</Glyph>
								<Glyph ID="char_562" 
								       CONTENT="e"
								       HPOS="1134"
								       VPOS="993"
								       WIDTH="4"
								       HEIGHT="35"
								       GC="1.0">
								</Glyph>
								<Glyph ID="char_563" 
								       CONTENT="r"
								       HPOS="1150"
								       VPOS="993"
								       WIDTH="0"
								       HEIGHT="35"
								       GC="1.0">
								</Glyph>
								<Glyph ID="char_564" 
								       CONTENT=","
								       HPOS="1157"
								       VPOS="993"
								       WIDTH="0"
								       HEIGHT="35"
								       GC="1.0">
								</Glyph>
							</String>
							<SP ID="segment_166"
							    HPOS="1161" 
							    VPOS="993"
							    WIDTH="4" 
							    HEIGHT="35"/>
							<String ID="segment_167"
								CONTENT="6." 
								HPOS="1180" 
								VPOS="993"
								WIDTH="12" 
								HEIGHT="35" 
								WC="0.9067">
								<Glyph ID="char_566" 
								       CONTENT="6"
								       HPOS="1180"
								       VPOS="993"
								       WIDTH="0"
								       HEIGHT="35"
								       GC="0.8137">
								</Glyph>
								<Glyph ID="char_567" 
								       CONTENT="."
								       HPOS="1188"
								       VPOS="993"
								       WIDTH="4"
								       HEIGHT="35"
								       GC="0.9997">
								</Glyph>
							</String>
							<SP ID="segment_168"
							    HPOS="1196" 
							    VPOS="993"
							    WIDTH="4" 
							    HEIGHT="35"/>
							<String ID="segment_169"
								CONTENT="Juni" 
								HPOS="1215" 
								VPOS="993"
								WIDTH="50" 
								HEIGHT="35" 
								WC="0.999">
								<Glyph ID="char_569" 
								       CONTENT="J"
								       HPOS="1215"
								       VPOS="993"
								       WIDTH="0"
								       HEIGHT="35"
								       GC="0.9999">
								</Glyph>
								<Glyph ID="char_570" 
								       CONTENT="u"
								       HPOS="1227"
								       VPOS="993"
								       WIDTH="3"
								       HEIGHT="35"
								       GC="0.9994">
								</Glyph>
								<Glyph ID="char_571" 
								       CONTENT="n"
								       HPOS="1246"
								       VPOS="993"
								       WIDTH="0"
								       HEIGHT="35"
								       GC="0.9968">
								</Glyph>
								<Glyph ID="char_572" 
								       CONTENT="i"
								       HPOS="1261"
								       VPOS="993"
								       WIDTH="4"
								       HEIGHT="35"
								       GC="0.9998">
								</Glyph>
							</String>
							<SP ID="segment_170"
							    HPOS="1269" 
							    VPOS="993"
							    WIDTH="4" 
							    HEIGHT="35"/>
							<String ID="segment_171"
								CONTENT="1553," 
								HPOS="1284" 
								VPOS="993"
								WIDTH="62" 
								HEIGHT="35" 
								WC="0.9898">
								<Glyph ID="char_574" 
								       CONTENT="1"
								       HPOS="1284"
								       VPOS="993"
								       WIDTH="0"
								       HEIGHT="35"
								       GC="0.9835">
								</Glyph>
								<Glyph ID="char_575" 
								       CONTENT="5"
								       HPOS="1299"
								       VPOS="993"
								       WIDTH="4"
								       HEIGHT="35"
								       GC="0.9673">
								</Glyph>
								<Glyph ID="char_576" 
								       CONTENT="5"
								       HPOS="1319"
								       VPOS="993"
								       WIDTH="0"
								       HEIGHT="35"
								       GC="0.9989">
								</Glyph>
								<Glyph ID="char_577" 
								       CONTENT="3"
								       HPOS="1334"
								       VPOS="993"
								       WIDTH="0"
								       HEIGHT="35"
								       GC="1.0">
								</Glyph>
								<Glyph ID="char_578" 
								       CONTENT=","
								       HPOS="1346"
								       VPOS="993"
								       WIDTH="0"
								       HEIGHT="35"
								       GC="0.9994">
								</Glyph>
							</String>
							<SP ID="segment_172"
							    HPOS="1349" 
							    VPOS="993"
							    WIDTH="4" 
							    HEIGHT="35"/>
							<String ID="segment_173"
								CONTENT="auf" 
								HPOS="1365" 
								VPOS="993"
								WIDTH="34" 
								HEIGHT="35" 
								WC="0.9995">
								<Glyph ID="char_580" 
								       CONTENT="a"
								       HPOS="1365"
								       VPOS="993"
								       WIDTH="0"
								       HEIGHT="35"
								       GC="0.9985">
								</Glyph>
								<Glyph ID="char_581" 
								       CONTENT="u"
								       HPOS="1380"
								       VPOS="993"
								       WIDTH="0"
								       HEIGHT="35"
								       GC="1.0">
								</Glyph>
								<Glyph ID="char_582" 
								       CONTENT="f"
								       HPOS="1395"
								       VPOS="993"
								       WIDTH="4"
								       HEIGHT="35"
								       GC="1.0">
								</Glyph>
							</String>
							<SP ID="segment_174"
							    HPOS="1403" 
							    VPOS="993"
							    WIDTH="4" 
							    HEIGHT="35"/>
							<String ID="segment_175"
								CONTENT="S." 
								HPOS="1418" 
								VPOS="993"
								WIDTH="12" 
								HEIGHT="35" 
								WC="1.0">
								<Glyph ID="char_584" 
								       CONTENT="S"
								       HPOS="1418"
								       VPOS="993"
								       WIDTH="0"
								       HEIGHT="35"
								       GC="1.0">
								</Glyph>
								<Glyph ID="char_585" 
								       CONTENT="."
								       HPOS="1430"
								       VPOS="993"
								       WIDTH="0"
								       HEIGHT="35"
								       GC="1.0">
								</Glyph>
							</String>
							<SP ID="segment_176"
							    HPOS="1434" 
							    VPOS="993"
							    WIDTH="8" 
							    HEIGHT="35"/>
							<String ID="segment_177"
								CONTENT="67-69." 
								HPOS="1453" 
								VPOS="993"
								WIDTH="73" 
								HEIGHT="35" 
								WC="0.9997">
								<Glyph ID="char_587" 
								       CONTENT="6"
								       HPOS="1453"
								       VPOS="993"
								       WIDTH="0"
								       HEIGHT="35"
								       GC="0.9998">
								</Glyph>
								<Glyph ID="char_588" 
								       CONTENT="7"
								       HPOS="1468"
								       VPOS="993"
								       WIDTH="4"
								       HEIGHT="35"
								       GC="1.0">
								</Glyph>
								<Glyph ID="char_589" 
								       CONTENT="-"
								       HPOS="1480"
								       VPOS="993"
								       WIDTH="4"
								       HEIGHT="35"
								       GC="0.999">
								</Glyph>
								<Glyph ID="char_590" 
								       CONTENT="6"
								       HPOS="1499"
								       VPOS="993"
								       WIDTH="0"
								       HEIGHT="35"
								       GC="1.0">
								</Glyph>
								<Glyph ID="char_591" 
								       CONTENT="9"
								       HPOS="1511"
								       VPOS="993"
								       WIDTH="3"
								       HEIGHT="35"
								       GC="1.0">
								</Glyph>
								<Glyph ID="char_592" 
								       CONTENT="."
								       HPOS="1526"
								       VPOS="993"
								       WIDTH="0"
								       HEIGHT="35"
								       GC="0.9996">
								</Glyph>
							</String>
					</TextLine>
					<TextLine ID="line_12"
						  HPOS="743"
						  VPOS="1031" 
						  WIDTH="873" 
						  HEIGHT="37">
							<String ID="segment_178"
								CONTENT="-Philipp" 
								HPOS="743" 
								VPOS="1031"
								WIDTH="100" 
								HEIGHT="37" 
								WC="0.9938">
								<Glyph ID="char_593" 
								       CONTENT="-"
								       HPOS="743"
								       VPOS="1031"
								       WIDTH="0"
								       HEIGHT="37"
								       GC="0.9998">
								</Glyph>
								<Glyph ID="char_594" 
								       CONTENT="P"
								       HPOS="766"
								       VPOS="1031"
								       WIDTH="4"
								       HEIGHT="37"
								       GC="1.0">
								</Glyph>
								<Glyph ID="char_595" 
								       CONTENT="h"
								       HPOS="781"
								       VPOS="1031"
								       WIDTH="0"
								       HEIGHT="37"
								       GC="0.952">
								</Glyph>
								<Glyph ID="char_596" 
								       CONTENT="i"
								       HPOS="797"
								       VPOS="1031"
								       WIDTH="0"
								       HEIGHT="37"
								       GC="1.0">
								</Glyph>
								<Glyph ID="char_597" 
								       CONTENT="l"
								       HPOS="808"
								       VPOS="1031"
								       WIDTH="0"
								       HEIGHT="37"
								       GC="1.0">
								</Glyph>
								<Glyph ID="char_598" 
								       CONTENT="i"
								       HPOS="816"
								       VPOS="1031"
								       WIDTH="0"
								       HEIGHT="37"
								       GC="0.9984">
								</Glyph>
								<Glyph ID="char_599" 
								       CONTENT="p"
								       HPOS="824"
								       VPOS="1031"
								       WIDTH="4"
								       HEIGHT="37"
								       GC="1.0">
								</Glyph>
								<Glyph ID="char_600" 
								       CONTENT="p"
								       HPOS="843"
								       VPOS="1031"
								       WIDTH="0"
								       HEIGHT="37"
								       GC="1.0">
								</Glyph>
							</String>
							<SP ID="segment_179"
							    HPOS="854" 
							    VPOS="1031"
							    WIDTH="4" 
							    HEIGHT="37"/>
							<String ID="segment_180"
								CONTENT="Gallicius" 
								HPOS="874" 
								VPOS="1031"
								WIDTH="104" 
								HEIGHT="37" 
								WC="0.9925">
								<Glyph ID="char_602" 
								       CONTENT="G"
								       HPOS="874"
								       VPOS="1031"
								       WIDTH="4"
								       HEIGHT="37"
								       GC="1.0">
								</Glyph>
								<Glyph ID="char_603" 
								       CONTENT="a"
								       HPOS="893"
								       VPOS="1031"
								       WIDTH="0"
								       HEIGHT="37"
								       GC="1.0">
								</Glyph>
								<Glyph ID="char_604" 
								       CONTENT="l"
								       HPOS="904"
								       VPOS="1031"
								       WIDTH="0"
								       HEIGHT="37"
								       GC="0.9358">
								</Glyph>
								<Glyph ID="char_605" 
								       CONTENT="l"
								       HPOS="912"
								       VPOS="1031"
								       WIDTH="0"
								       HEIGHT="37"
								       GC="1.0">
								</Glyph>
								<Glyph ID="char_606" 
								       CONTENT="i"
								       HPOS="920"
								       VPOS="1031"
								       WIDTH="4"
								       HEIGHT="37"
								       GC="1.0">
								</Glyph>
								<Glyph ID="char_607" 
								       CONTENT="c"
								       HPOS="935"
								       VPOS="1031"
								       WIDTH="0"
								       HEIGHT="37"
								       GC="0.9971">
								</Glyph>
								<Glyph ID="char_608" 
								       CONTENT="i"
								       HPOS="947"
								       VPOS="1031"
								       WIDTH="0"
								       HEIGHT="37"
								       GC="1.0">
								</Glyph>
								<Glyph ID="char_609" 
								       CONTENT="u"
								       HPOS="958"
								       VPOS="1031"
								       WIDTH="4"
								       HEIGHT="37"
								       GC="1.0">
								</Glyph>
								<Glyph ID="char_610" 
								       CONTENT="s"
								       HPOS="974"
								       VPOS="1031"
								       WIDTH="4"
								       HEIGHT="37"
								       GC="1.0">
								</Glyph>
							</String>
							<SP ID="segment_181"
							    HPOS="981" 
							    VPOS="1031"
							    WIDTH="4" 
							    HEIGHT="37"/>
							<String ID="segment_182"
								CONTENT="an" 
								HPOS="997" 
								VPOS="1031"
								WIDTH="15" 
								HEIGHT="37" 
								WC="1.0">
								<Glyph ID="char_612" 
								       CONTENT="a"
								       HPOS="997"
								       VPOS="1031"
								       WIDTH="0"
								       HEIGHT="37"
								       GC="1.0">
								</Glyph>
								<Glyph ID="char_613" 
								       CONTENT="n"
								       HPOS="1008"
								       VPOS="1031"
								       WIDTH="4"
								       HEIGHT="37"
								       GC="1.0">
								</Glyph>
							</String>
							<SP ID="segment_183"
							    HPOS="1024" 
							    VPOS="1031"
							    WIDTH="4" 
							    HEIGHT="37"/>
							<String ID="segment_184"
								CONTENT="Bullinger," 
								HPOS="1043" 
								VPOS="1031"
								WIDTH="115" 
								HEIGHT="37" 
								WC="0.9994">
								<Glyph ID="char_615" 
								       CONTENT="B"
								       HPOS="1043"
								       VPOS="1031"
								       WIDTH="0"
								       HEIGHT="37"
								       GC="1.0">
								</Glyph>
								<Glyph ID="char_616" 
								       CONTENT="u"
								       HPOS="1058"
								       VPOS="1031"
								       WIDTH="4"
								       HEIGHT="37"
								       GC="1.0">
								</Glyph>
								<Glyph ID="char_617" 
								       CONTENT="l"
								       HPOS="1074"
								       VPOS="1031"
								       WIDTH="0"
								       HEIGHT="37"
								       GC="1.0">
								</Glyph>
								<Glyph ID="char_618" 
								       CONTENT="l"
								       HPOS="1081"
								       VPOS="1031"
								       WIDTH="0"
								       HEIGHT="37"
								       GC="1.0">
								</Glyph>
								<Glyph ID="char_619" 
								       CONTENT="i"
								       HPOS="1089"
								       VPOS="1031"
								       WIDTH="4"
								       HEIGHT="37"
								       GC="1.0">
								</Glyph>
								<Glyph ID="char_620" 
								       CONTENT="n"
								       HPOS="1101"
								       VPOS="1031"
								       WIDTH="3"
								       HEIGHT="37"
								       GC="0.9937">
								</Glyph>
								<Glyph ID="char_621" 
								       CONTENT="g"
								       HPOS="1120"
								       VPOS="1031"
								       WIDTH="4"
								       HEIGHT="37"
								       GC="1.0">
								</Glyph>
								<Glyph ID="char_622" 
								       CONTENT="e"
								       HPOS="1135"
								       VPOS="1031"
								       WIDTH="0"
								       HEIGHT="37"
								       GC="1.0">
								</Glyph>
								<Glyph ID="char_623" 
								       CONTENT="r"
								       HPOS="1151"
								       VPOS="1031"
								       WIDTH="0"
								       HEIGHT="37"
								       GC="1.0">
								</Glyph>
								<Glyph ID="char_624" 
								       CONTENT=","
								       HPOS="1158"
								       VPOS="1031"
								       WIDTH="0"
								       HEIGHT="37"
								       GC="1.0">
								</Glyph>
							</String>
							<SP ID="segment_185"
							    HPOS="1162" 
							    VPOS="1031"
							    WIDTH="4" 
							    HEIGHT="37"/>
							<String ID="segment_186"
								CONTENT="2." 
								HPOS="1177" 
								VPOS="1031"
								WIDTH="16" 
								HEIGHT="37" 
								WC="0.9998">
								<Glyph ID="char_626" 
								       CONTENT="2"
								       HPOS="1177"
								       VPOS="1031"
								       WIDTH="4"
								       HEIGHT="37"
								       GC="0.9997">
								</Glyph>
								<Glyph ID="char_627" 
								       CONTENT="."
								       HPOS="1189"
								       VPOS="1031"
								       WIDTH="4"
								       HEIGHT="37"
								       GC="1.0">
								</Glyph>
							</String>
							<SP ID="segment_187"
							    HPOS="1197" 
							    VPOS="1031"
							    WIDTH="4" 
							    HEIGHT="37"/>
							<String ID="segment_188"
								CONTENT="September" 
								HPOS="1216" 
								VPOS="1031"
								WIDTH="135" 
								HEIGHT="37" 
								WC="0.9222">
								<Glyph ID="char_629" 
								       CONTENT="S"
								       HPOS="1216"
								       VPOS="1031"
								       WIDTH="0"
								       HEIGHT="37"
								       GC="1.0">
								</Glyph>
								<Glyph ID="char_630" 
								       CONTENT="e"
								       HPOS="1231"
								       VPOS="1031"
								       WIDTH="0"
								       HEIGHT="37"
								       GC="1.0">
								</Glyph>
								<Glyph ID="char_631" 
								       CONTENT="p"
								       HPOS="1243"
								       VPOS="1031"
								       WIDTH="4"
								       HEIGHT="37"
								       GC="1.0">
								</Glyph>
								<Glyph ID="char_632" 
								       CONTENT="t"
								       HPOS="1262"
								       VPOS="1031"
								       WIDTH="0"
								       HEIGHT="37"
								       GC="0.9871">
								</Glyph>
								<Glyph ID="char_633" 
								       CONTENT="e"
								       HPOS="1277"
								       VPOS="1031"
								       WIDTH="0"
								       HEIGHT="37"
								       GC="1.0">
								</Glyph>
								<Glyph ID="char_634" 
								       CONTENT="m"
								       HPOS="1289"
								       VPOS="1031"
								       WIDTH="0"
								       HEIGHT="37"
								       GC="0.9873">
								</Glyph>
								<Glyph ID="char_635" 
								       CONTENT="b"
								       HPOS="1316"
								       VPOS="1031"
								       WIDTH="0"
								       HEIGHT="37"
								       GC="0.9402">
								</Glyph>
								<Glyph ID="char_636" 
								       CONTENT="e"
								       HPOS="1335"
								       VPOS="1031"
								       WIDTH="4"
								       HEIGHT="37"
								       GC="0.9986">
								</Glyph>
								<Glyph ID="char_637" 
								       CONTENT="r"
								       HPOS="1351"
								       VPOS="1031"
								       WIDTH="0"
								       HEIGHT="37"
								       GC="0.3867">
								</Glyph>
							</String>
							<SP ID="segment_189"
							    HPOS="1358" 
							    VPOS="1031"
							    WIDTH="4" 
							    HEIGHT="37"/>
							<String ID="segment_190"
								CONTENT="1553," 
								HPOS="1374" 
								VPOS="1031"
								WIDTH="65" 
								HEIGHT="37" 
								WC="0.9727">
								<Glyph ID="char_639" 
								       CONTENT="1"
								       HPOS="1374"
								       VPOS="1031"
								       WIDTH="3"
								       HEIGHT="37"
								       GC="1.0">
								</Glyph>
								<Glyph ID="char_640" 
								       CONTENT="5"
								       HPOS="1393"
								       VPOS="1031"
								       WIDTH="0"
								       HEIGHT="37"
								       GC="0.9997">
								</Glyph>
								<Glyph ID="char_641" 
								       CONTENT="5"
								       HPOS="1408"
								       VPOS="1031"
								       WIDTH="0"
								       HEIGHT="37"
								       GC="0.8701">
								</Glyph>
								<Glyph ID="char_642" 
								       CONTENT="3"
								       HPOS="1424"
								       VPOS="1031"
								       WIDTH="3"
								       HEIGHT="37"
								       GC="0.9937">
								</Glyph>
								<Glyph ID="char_643" 
								       CONTENT=","
								       HPOS="1435"
								       VPOS="1031"
								       WIDTH="4"
								       HEIGHT="37"
								       GC="0.9998">
								</Glyph>
							</String>
							<SP ID="segment_191"
							    HPOS="1443" 
							    VPOS="1031"
							    WIDTH="4" 
							    HEIGHT="37"/>
							<String ID="segment_192"
								CONTENT="auf" 
								HPOS="1454" 
								VPOS="1031"
								WIDTH="35" 
								HEIGHT="37" 
								WC="1.0">
								<Glyph ID="char_645" 
								       CONTENT="a"
								       HPOS="1454"
								       VPOS="1031"
								       WIDTH="4"
								       HEIGHT="37"
								       GC="0.9999">
								</Glyph>
								<Glyph ID="char_646" 
								       CONTENT="u"
								       HPOS="1470"
								       VPOS="1031"
								       WIDTH="4"
								       HEIGHT="37"
								       GC="1.0">
								</Glyph>
								<Glyph ID="char_647" 
								       CONTENT="f"
								       HPOS="1489"
								       VPOS="1031"
								       WIDTH="0"
								       HEIGHT="37"
								       GC="1.0">
								</Glyph>
							</String>
							<SP ID="segment_193"
							    HPOS="1497" 
							    VPOS="1031"
							    WIDTH="0" 
							    HEIGHT="37"/>
							<String ID="segment_194"
								CONTENT="S." 
								HPOS="1512" 
								VPOS="1031"
								WIDTH="12" 
								HEIGHT="37" 
								WC="0.9976">
								<Glyph ID="char_649" 
								       CONTENT="S"
								       HPOS="1512"
								       VPOS="1031"
								       WIDTH="0"
								       HEIGHT="37"
								       GC="0.9957">
								</Glyph>
								<Glyph ID="char_650" 
								       CONTENT="."
								       HPOS="1524"
								       VPOS="1031"
								       WIDTH="0"
								       HEIGHT="37"
								       GC="0.9994">
								</Glyph>
							</String>
							<SP ID="segment_195"
							    HPOS="1527" 
							    VPOS="1031"
							    WIDTH="4" 
							    HEIGHT="37"/>
							<String ID="segment_196"
								CONTENT="69-71." 
								HPOS="1547" 
								VPOS="1031"
								WIDTH="69" 
								HEIGHT="37" 
								WC="0.999">
								<Glyph ID="char_652" 
								       CONTENT="6"
								       HPOS="1547"
								       VPOS="1031"
								       WIDTH="0"
								       HEIGHT="37"
								       GC="0.9999">
								</Glyph>
								<Glyph ID="char_653" 
								       CONTENT="9"
								       HPOS="1558"
								       VPOS="1031"
								       WIDTH="4"
								       HEIGHT="37"
								       GC="0.9998">
								</Glyph>
								<Glyph ID="char_654" 
								       CONTENT="-"
								       HPOS="1574"
								       VPOS="1031"
								       WIDTH="0"
								       HEIGHT="37"
								       GC="0.9946">
								</Glyph>
								<Glyph ID="char_655" 
								       CONTENT="7"
								       HPOS="1585"
								       VPOS="1031"
								       WIDTH="8"
								       HEIGHT="37"
								       GC="1.0">
								</Glyph>
								<Glyph ID="char_656" 
								       CONTENT="1"
								       HPOS="1604"
								       VPOS="1031"
								       WIDTH="0"
								       HEIGHT="37"
								       GC="1.0">
								</Glyph>
								<Glyph ID="char_657" 
								       CONTENT="."
								       HPOS="1616"
								       VPOS="1031"
								       WIDTH="0"
								       HEIGHT="37"
								       GC="1.0">
								</Glyph>
							</String>
					</TextLine>
				</TextBlock>
			</PrintSpace>
		</Page>
	</Layout>
</alto>