2468 3529
109 1748 0 68 9

431 911 90 37 Regest

1122 491 142 48 [16138]

642 592 402 64 [Bartholomiius]
1087 592 294 64 Westheimer
1424 592 29 64 an
1517 592 223 64 Bullinger

872 678 95 45 Basel,
1005 678 45 45 22.
1082 678 63 45 Mai
1177 678 101 45 [1551
1316 678 77 45 oder
1424 678 102 45 1552]

654 733 211 49 Autograph:
901 733 103 49 Ziirich
1052 733 72 49 StA,
1166 733 0 49 E
1203 733 18 49 II
1257 733 72 49 377,
1365 733 79 49 2690
1480 733 96 49 (ohne
1612 733 121 49 Siegel)

1088 788 216 48 Ungedruckt

431 987 88 61 Salve
550 987 197 61 plurimum,
773 987 98 61 frater
897 987 21 61 in
964 987 119 61 Christo
1114 987 213 61 charissime.
1363 987 73 61 Ante
1467 987 129 61 aliquot
1622 987 104 61 annos
1757 987 186 61 opusculum

434 1048 20 54 de
501 1048 129 54 decimis
672 1048 88 54 atque
796 1048 187 54 redditibus
1019 1048 150 54 annuatis
1206 1048 20 54 in
1268 1048 88 54 lucem
1413 1048 166 54 emisisti,'
1620 1048 67 54 sane
1734 1048 67 54 quam
1858 1048 104 54 utilis-

429 1108 95 48 simum
574 1108 65 48 (me
664 1108 125 48 iudice)
824 1108 160 48 ecclesiae
1019 1108 210 48 christianae,
1259 1108 20 48 si
1314 1108 80 48 quod
1419 1108 130 48 unquam
1599 1108 85 48 antea
1719 1108 85 48 aliud
1834 1108 105 48 editum

428 1163 52 50 est.
516 1163 94 50 Hunc
646 1163 135 50 libellum
848 1163 197 50 Germanice
1081 1163 218 50 tumultuaria
1335 1163 145 50 lectione
1527 1163 150 50 quadam,
1724 1163 72 50 quum
1853 1163 104 50 adhuc

422 1212 235 55 typographum
716 1212 203 55 Basiliensem
973 1212 160 55 agerem,'
1160 1212 74 55 legi.
1277 1212 107 55 Denuo
1416 1212 176 55 praeterito
1624 1212 150 55 tempore
1806 1212 150 55 hyberno
2004 1212 0 55 s

429 1267 125 54 summo
594 1267 101 54 studio
735 1267 110 54 relegi.
885 1267 60 54 Sed
980 1267 45 54 cum
1080 1267 146 54 nusquam
1291 1267 105 54 Latine
1431 1267 85 54 extet
1546 1267 55 54 hoc
1646 1267 91 54 opus'
1772 1267 20 54 et
1827 1267 20 54 ab
1897 1267 60 54 om-

423 1327 95 50 nibus
553 1327 95 50 bonis
683 1327 75 50 viris
798 1327 20 50 (e
868 1327 110 50 quorum
1038 1327 135 50 numero
1213 1327 20 50 et
1273 1327 50 50 ego
1363 1327 70 50 ipse
1473 1327 80 50 sum)
1598 1327 215 50 desideretur,
1853 1327 100 50 neque

438 1377 191 54 Germanice
661 1377 145 54 amplius
837 1377 129 54 venalis
997 1377 192 54 habeatur',
1220 1377 62 54 mei
1313 1377 120 54 amoris
1464 1377 124 54 veteris
1624 1377 68 54 erga
1723 1377 41 54 te'
1795 1377 166 54 muneris-

433 1437 46 49 que
510 1437 31 49 id
578 1437 62 49 esse
681 1437 68 49 duxi
780 1437 20 49 te
837 1437 52 49 per
920 1437 176 49 charitatem
1153 1437 233 49 christianam,
1417 1437 52 49 per
1500 1437 280 49 sanctissimorum
1837 1437 124 49 studio-

426 1493 42 49 rum
525 1493 202 49 communem
779 1493 129 49 amorem
960 1493 181 49 adhortari,
1167 1493 67 49 imo
1271 1493 46 49 abs
1354 1493 20 49 te
1411 1493 202 49 efflagitare,
1644 1493 26 49 ut
1711 1493 104 49 Latina
1846 1493 108 49 lingua
2006 1493 16 49 1o

421 1548 55 49 hos
511 1548 70 49 tuos
616 1548 130 49 labores
791 1548 151 49 donares,
982 1548 50 49 quo
1077 1548 115 49 exteris
1227 1548 210 49 nationibus,
1477 1548 70 49 quae
1583 1548 135 49 linguam
1773 1548 165 49 nostratem

422 1598 57 50 non
515 1598 151 50 calleant,
697 1598 67 50 usui
790 1598 99 50 futuri
920 1598 134 50 essent.`'
1096 1598 52 50 Cum
1199 1598 161 50 ecclesiae
1401 1598 114 50 Christi
1541 1598 42 50 tum
1635 1598 233 50 Westhemero
1894 1598 67 50 tuo,

431 1658 43 48 qui
498 1658 25 48 te
552 1658 106 48 animo
692 1658 141 48 syncero
862 1658 140 48 tanquam
1050 1658 238 48 praeceptorem
1336 1658 184 48 veneratur
1544 1658 228 48 suspicitque,
1801 1658 39 48 rem
1888 1658 68 48 per-

431 1712 71 47 quam
557 1712 206 47 gratissimam
818 1712 131 47 feceris.

481 1767 32 60 De
545 1767 75 60 statu
658 1767 64 60 meo
764 1767 102 60 omnia
898 1767 86 60 salva
1016 1767 101 60 adhuc
1155 1767 64 60 esse
1256 1767 91 60 scias.
1384 1767 161 60 Dominus
1588 1767 37 60 det
1652 1767 101 60 pacem
1807 1767 149 60 ecclesiis
2004 1767 16 60 Is

428 1821 215 39 Helvetiorum
698 1821 20 39 et
743 1821 86 39 vitae
864 1821 290 39 emendationem.

480 1870 112 55 Tropos
625 1870 123 55 meos,'
780 1870 75 55 quos
881 1870 65 55 vidi
972 1870 22 55 in
1031 1870 203 55 bibliotheca
1266 1870 65 55 tua,
1368 1870 70 55 quum
1491 1870 230 55 superioribus
1753 1870 91 55 annis
1876 1870 86 55 apud

421 1926 20 54 te
481 1926 95 54 eram,
611 1926 55 54 hoc
706 1926 75 54 anno
821 1926 200 54 praeterito'
1046 1926 20 54 in
1111 1926 115 54 manus
1261 1926 180 54 resumpsi,
1481 1926 140 54 quosdam
1681 1926 80 54 eieci
1796 1926 20 54 et
1851 1926 105 54 elimi-

448 2039 46 44 Das
524 2039 0 44 a
553 2039 17 44 in
599 2039 129 44 habeatur
753 2039 63 44 iiber
849 2039 34 44 der
912 2039 63 44 Zeile
1004 2039 217 44 nachgetragen.
1242 2039 17 44 -
1309 2039 50 44 erga
1388 2039 17 44 te
1434 2039 63 44 iiber
1530 2039 34 44 der
1593 2039 63 44 Zeile
1685 2039 217 44 nachgetragen.

486 2130 82 42 Damit
590 2130 30 42 ist
651 2130 30 42 die
716 2130 178 42 Abhandlung
915 2130 61 42 ,Ein
1011 2130 73 42 gtiter
1102 2130 43 42 be-
1292 2130 109 42 anderen
1444 2130 126 42 Schriften
1609 2130 74 42 unter
1717 2130 35 42 dem
1813 2130 56 42 Titel
1899 2130 57 42 ,,Li-

481 2174 63 43 richt
569 2174 63 43 vonn
674 2174 100 43 Zinsen.
811 2174 59 43 Ouch
912 2174 29 43 ein
974 2174 100 43 schone
1104 2174 41 43 un-
1292 2174 83 43 bellus
1425 2174 17 43 de
1492 2174 155 43 discrimine
1693 2174 188 43 decimarum''
1922 2174 38 43 ge-

487 2218 157 43 derwysung
672 2218 45 43 von
762 2218 158 43 Zahenden''
951 2218 126 43 gemeint,
1114 2218 31 43 die
1299 2218 94 43 druckt;
1420 2218 14 43 s.
1461 2218 108 43 IBBibl
1596 2218 0 43 I
1628 2218 36 43 29;
1691 2218 77 43 VD16
1804 2218 99 43 B9759.

478 2262 18 48 in
535 2262 82 48 Zirich
660 2262 65 48 1531
756 2262 156 48 zusammen
951 2262 43 48 mit
1029 2262 35 48 der
1098 2262 48 48 Ab-
1298 2262 56 48 Dass
1389 2262 17 48 es
1445 2262 130 48 daraufhin
1614 2262 22 48 zu
1675 2262 69 48 einem
1792 2262 156 48 Nachdruck

478 2312 139 40 handlung
639 2312 65 40 ,Von
743 2312 34 40 dem
821 2312 247 40 unverschampten
1098 2312 44 40 frii-
1298 2312 34 40 der
1363 2312 177 40 lateinischen
1593 2312 108 40 Fassung
1744 2312 78 40 dieser
1861 2312 96 40 Schrift

478 2357 71 39 vel...
578 2357 63 39 der...
662 2357 250 39 Widertuffern'`,
941 2357 29 39 die
991 2357 37 39 ihr
1049 2357 96 39 zuvor-
1295 2357 154 39 gekommen
1483 2357 79 39 ware,
1583 2357 29 39 ist
1637 2357 71 39 nicht
1729 2357 129 39 bekannt.

481 2397 101 45 gesetzt
603 2397 100 45 wurde,
728 2397 125 45 gedruckt
874 2397 104 45 wurde;
999 2397 13 45 s.
1041 2397 109 45 HBBibhl
1296 2397 42 45 Die
1375 2397 176 45 Erstausgabe
1588 2397 80 45 dieses
1697 2397 108 45 Werkes
1839 2397 113 45 erschien

478 2447 4 39 I
506 2447 37 39 28;
566 2447 85 39 VD16
679 2447 98 39 B9758.
809 2447 71 39 Siehe
903 2447 89 39 femner
1015 2447 61 39 HBD
1109 2447 37 39 19.
1295 2447 61 39 1527
1389 2447 75 39 unter
1496 2447 38 39 dem
1590 2447 65 39 Titel:
1697 2447 66 39 Tropi
1791 2447 163 39 insigniores

482 2492 48 40 20f.
569 2492 39 40 Die
642 2492 183 40 Abhandlung
855 2492 66 40 iiber
955 2492 35 40 den
1034 2492 104 40 Zehnten
1294 2492 96 40 Veteris
1416 2492 74 40 atque
1516 2492 69 40 Novi
1616 2492 160 40 Testamenti
1794 2492 22 40 ..
1846 2492 113 40 collecti,

479 2537 130 36 umfasste
636 2537 45 36 nur
708 2537 59 36 etwa
798 2537 23 36 12
848 2537 139 36 in-oktavo
1019 2537 94 36 Seiten.
1298 2537 81 36 Basel,
1433 2537 108 36 Thomas
1591 2537 94 36 Wolff,
1735 2537 63 36 1527
1847 2537 108 36 (VD16,

481 2582 178 36 Westheimer
680 2582 52 36 war
754 2582 35 36 bis
819 2582 61 36 1547
915 2582 117 36 Drucker
1053 2582 13 36 in
1105 2582 39 36 Ba-
1288 2582 121 36 W2232)
1452 2582 48 36 und
1544 2582 95 36 erlebte
1682 2582 96 36 seitdem
1834 2582 122 36 mehrere

482 2627 42 38 sel.
558 2627 137 38 Daraufhin
729 2627 91 38 wurde
854 2627 17 38 er
904 2627 96 38 Pfarrer
1025 2627 17 38 in
1075 2627 71 38 Mul-
1292 2627 205 38 Neuauflagen,
1534 2627 50 38 z.T.
1622 2627 154 38 verbessert
1818 2627 50 38 und
1902 2627 54 38 ver-

478 2670 81 42 house
590 2670 194 42 (Miilhausen)
815 2670 41 42 ehe
888 2670 18 42 er
937 2670 117 42 1551/52
1081 2670 63 42 wie-
1289 2670 85 42 mehrt
1392 2670 36 42 bis
1451 2670 18 42 im
1509 2670 72 42 Jahre
1609 2670 63 42 1540
1694 2670 108 42 (VD16,
1825 2670 130 42 W2238),

486 2712 33 44 der
548 2712 55 44 nach
648 2712 71 44 Basel
749 2712 209 44 zuriickkehrte.
995 2712 71 44 Diese
1104 2712 41 44 Da-
1296 2712 88 44 danach
1417 2712 33 44 sie
1475 2712 134 44 wiederum
1655 2712 42 44 erst
1726 2712 63 44 1551
1814 2712 142 44 nochmals

477 2756 34 42 ten
544 2756 54 42 sind
623 2756 63 42 vage
715 2756 50 42 und
786 2756 100 42 miisste
915 2756 117 42 genauer
1057 2756 87 42 erruirt
1286 2756 54 42 beim
1399 2756 112 42 Drucker
1545 2756 133 42 Johannes
1711 2756 150 42 Herwagen
1903 2756 54 42 d.A.

1292 2804 113 35 erschien
1437 2804 108 35 (VD16,
1568 2804 131 35 W2239).

477 2804 118 30 werden.

477 2835 58 52 Was
562 2835 144 52 allerdings
738 2835 68 52 nicht
837 2835 108 52 stimmt.
982 2835 36 52 Die
1049 2835 99 52 Schrift
1230 2835 0 52 9
1293 2835 63 52 1550
1387 2835 59 52 oder
1473 2835 72 52 1551.
1577 2835 45 52 Der
1653 2835 73 52 Druck
1757 2835 45 52 von
1834 2835 63 52 1551
1928 2835 27 52 er-

477 2892 92 38 wurde
590 2892 46 38 von
669 2892 42 38 Leo
736 2892 46 38 Jud
803 2892 133 38 iibersetzt
961 2892 50 38 und
1032 2892 46 38 mit
1103 2892 33 38 den
1291 2892 71 38 laubt
1382 2892 76 38 keine
1491 2892 129 38 genauere
1654 2892 150 38 Datierung.

481 2937 84 37 selben
598 2937 56 37 oben
686 2937 16 37 in
738 2937 72 37 Anm.
839 2937 0 37 l
871 2937 148 37 erwihnten
1048 2937 92 37 beiden

2318 1751 63 56 -O
