<?xml version="1.0" encoding="UTF-8"?>
<alto xmlns:xsi="http://www.w3.org/2001/XMLSchema-instance"
	xmlns="http://www.loc.gov/standards/alto/ns-v4#"
	xsi:schemaLocation="http://www.loc.gov/standards/alto/ns-v4# http://www.loc.gov/standards/alto/v4/alto-4-0.xsd">
	<Description>
		<MeasurementUnit>pixel</MeasurementUnit>
		<sourceImageInformation>
			<fileName>/var/folders/rg/b9n_00t151zd086p_fbb3kcr0000gn/T/tmp5pss2f0u</fileName>
		</sourceImageInformation>
		<OCRProcessing ID="OCR_0">
			<ocrProcessingStep>
				<processingSoftware>
					<softwareName>kraken</softwareName>
				</processingSoftware>
			</ocrProcessingStep>
		</OCRProcessing>
	</Description>

	<Layout>
		<Page WIDTH="2468" HEIGHT="1742" PHYSICAL_IMG_NR="0" ID="page_0">
			<PrintSpace HPOS="0" VPOS="0" WIDTH="2468" HEIGHT="1742">
				<TextBlock HPOS="0" VPOS="0" ID="textblock_0" WIDTH="2468" HEIGHT="1742">
					<TextLine ID="line_0"
						  HPOS="714"
						  VPOS="596" 
						  WIDTH="1092" 
						  HEIGHT="39">
							<String ID="segment_0"
								CONTENT="an-Andrea" 
								HPOS="714" 
								VPOS="596"
								WIDTH="154" 
								HEIGHT="39" 
								WC="0.9761">
								<Glyph ID="char_0" 
								       CONTENT="a"
								       HPOS="714"
								       VPOS="596"
								       WIDTH="0"
								       HEIGHT="39"
								       GC="0.9971">
								</Glyph>
								<Glyph ID="char_1" 
								       CONTENT="n"
								       HPOS="731"
								       VPOS="596"
								       WIDTH="0"
								       HEIGHT="39"
								       GC="1.0">
								</Glyph>
								<Glyph ID="char_2" 
								       CONTENT="-"
								       HPOS="747"
								       VPOS="596"
								       WIDTH="5"
								       HEIGHT="39"
								       GC="0.9998">
								</Glyph>
								<Glyph ID="char_3" 
								       CONTENT="A"
								       HPOS="772"
								       VPOS="596"
								       WIDTH="0"
								       HEIGHT="39"
								       GC="0.9704">
								</Glyph>
								<Glyph ID="char_4" 
								       CONTENT="n"
								       HPOS="793"
								       VPOS="596"
								       WIDTH="0"
								       HEIGHT="39"
								       GC="1.0">
								</Glyph>
								<Glyph ID="char_5" 
								       CONTENT="d"
								       HPOS="818"
								       VPOS="596"
								       WIDTH="4"
								       HEIGHT="39"
								       GC="1.0">
								</Glyph>
								<Glyph ID="char_6" 
								       CONTENT="r"
								       HPOS="835"
								       VPOS="596"
								       WIDTH="4"
								       HEIGHT="39"
								       GC="1.0">
								</Glyph>
								<Glyph ID="char_7" 
								       CONTENT="e"
								       HPOS="851"
								       VPOS="596"
								       WIDTH="0"
								       HEIGHT="39"
								       GC="0.8177">
								</Glyph>
								<Glyph ID="char_8" 
								       CONTENT="a"
								       HPOS="864"
								       VPOS="596"
								       WIDTH="4"
								       HEIGHT="39"
								       GC="1.0">
								</Glyph>
							</String>
							<SP ID="segment_1"
							    HPOS="877" 
							    VPOS="596"
							    WIDTH="8" 
							    HEIGHT="39"/>
							<String ID="segment_2"
								CONTENT="B:RNIIRD," 
								HPOS="906" 
								VPOS="596"
								WIDTH="179" 
								HEIGHT="39" 
								WC="0.9999">
								<Glyph ID="char_10" 
								       CONTENT="B"
								       HPOS="906"
								       VPOS="596"
								       WIDTH="0"
								       HEIGHT="39"
								       GC="1.0">
								</Glyph>
								<Glyph ID="char_11" 
								       CONTENT=":"
								       HPOS="931"
								       VPOS="596"
								       WIDTH="0"
								       HEIGHT="39"
								       GC="1.0">
								</Glyph>
								<Glyph ID="char_12" 
								       CONTENT="R"
								       HPOS="947"
								       VPOS="596"
								       WIDTH="0"
								       HEIGHT="39"
								       GC="0.9993">
								</Glyph>
								<Glyph ID="char_13" 
								       CONTENT="N"
								       HPOS="964"
								       VPOS="596"
								       WIDTH="4"
								       HEIGHT="39"
								       GC="1.0">
								</Glyph>
								<Glyph ID="char_14" 
								       CONTENT="I"
								       HPOS="989"
								       VPOS="596"
								       WIDTH="0"
								       HEIGHT="39"
								       GC="1.0">
								</Glyph>
								<Glyph ID="char_15" 
								       CONTENT="I"
								       HPOS="1001"
								       VPOS="596"
								       WIDTH="5"
								       HEIGHT="39"
								       GC="1.0">
								</Glyph>
								<Glyph ID="char_16" 
								       CONTENT="R"
								       HPOS="1043"
								       VPOS="596"
								       WIDTH="0"
								       HEIGHT="39"
								       GC="1.0">
								</Glyph>
								<Glyph ID="char_17" 
								       CONTENT="D"
								       HPOS="1064"
								       VPOS="596"
								       WIDTH="4"
								       HEIGHT="39"
								       GC="1.0">
								</Glyph>
								<Glyph ID="char_18" 
								       CONTENT=","
								       HPOS="1081"
								       VPOS="596"
								       WIDTH="4"
								       HEIGHT="39"
								       GC="1.0">
								</Glyph>
							</String>
							<SP ID="segment_3"
							    HPOS="1089" 
							    VPOS="596"
							    WIDTH="29" 
							    HEIGHT="39"/>
							<String ID="segment_4"
								CONTENT="Briefe" 
								HPOS="1139" 
								VPOS="596"
								WIDTH="79" 
								HEIGHT="39" 
								WC="0.9999">
								<Glyph ID="char_21" 
								       CONTENT="B"
								       HPOS="1139"
								       VPOS="596"
								       WIDTH="4"
								       HEIGHT="39"
								       GC="1.0">
								</Glyph>
								<Glyph ID="char_22" 
								       CONTENT="r"
								       HPOS="1160"
								       VPOS="596"
								       WIDTH="4"
								       HEIGHT="39"
								       GC="1.0">
								</Glyph>
								<Glyph ID="char_23" 
								       CONTENT="i"
								       HPOS="1168"
								       VPOS="596"
								       WIDTH="4"
								       HEIGHT="39"
								       GC="1.0">
								</Glyph>
								<Glyph ID="char_24" 
								       CONTENT="e"
								       HPOS="1185"
								       VPOS="596"
								       WIDTH="0"
								       HEIGHT="39"
								       GC="0.9998">
								</Glyph>
								<Glyph ID="char_25" 
								       CONTENT="f"
								       HPOS="1197"
								       VPOS="596"
								       WIDTH="4"
								       HEIGHT="39"
								       GC="0.9998">
								</Glyph>
								<Glyph ID="char_26" 
								       CONTENT="e"
								       HPOS="1214"
								       VPOS="596"
								       WIDTH="4"
								       HEIGHT="39"
								       GC="1.0">
								</Glyph>
							</String>
							<SP ID="segment_5"
							    HPOS="1227" 
							    VPOS="596"
							    WIDTH="8" 
							    HEIGHT="39"/>
							<String ID="segment_6"
								CONTENT="an" 
								HPOS="1243" 
								VPOS="596"
								WIDTH="21" 
								HEIGHT="39" 
								WC="1.0">
								<Glyph ID="char_28" 
								       CONTENT="a"
								       HPOS="1243"
								       VPOS="596"
								       WIDTH="4"
								       HEIGHT="39"
								       GC="1.0">
								</Glyph>
								<Glyph ID="char_29" 
								       CONTENT="n"
								       HPOS="1264"
								       VPOS="596"
								       WIDTH="0"
								       HEIGHT="39"
								       GC="0.9999">
								</Glyph>
							</String>
							<SP ID="segment_7"
							    HPOS="1277" 
							    VPOS="596"
							    WIDTH="12" 
							    HEIGHT="39"/>
							<String ID="segment_8"
								CONTENT="Heinrich" 
								HPOS="1301" 
								VPOS="596"
								WIDTH="117" 
								HEIGHT="39" 
								WC="0.9972">
								<Glyph ID="char_31" 
								       CONTENT="H"
								       HPOS="1301"
								       VPOS="596"
								       WIDTH="5"
								       HEIGHT="39"
								       GC="1.0">
								</Glyph>
								<Glyph ID="char_32" 
								       CONTENT="e"
								       HPOS="1331"
								       VPOS="596"
								       WIDTH="4"
								       HEIGHT="39"
								       GC="1.0">
								</Glyph>
								<Glyph ID="char_33" 
								       CONTENT="i"
								       HPOS="1343"
								       VPOS="596"
								       WIDTH="4"
								       HEIGHT="39"
								       GC="1.0">
								</Glyph>
								<Glyph ID="char_34" 
								       CONTENT="n"
								       HPOS="1356"
								       VPOS="596"
								       WIDTH="4"
								       HEIGHT="39"
								       GC="0.9997">
								</Glyph>
								<Glyph ID="char_35" 
								       CONTENT="r"
								       HPOS="1377"
								       VPOS="596"
								       WIDTH="4"
								       HEIGHT="39"
								       GC="0.9998">
								</Glyph>
								<Glyph ID="char_36" 
								       CONTENT="i"
								       HPOS="1389"
								       VPOS="596"
								       WIDTH="0"
								       HEIGHT="39"
								       GC="0.9784">
								</Glyph>
								<Glyph ID="char_37" 
								       CONTENT="c"
								       HPOS="1401"
								       VPOS="596"
								       WIDTH="5"
								       HEIGHT="39"
								       GC="1.0">
								</Glyph>
								<Glyph ID="char_38" 
								       CONTENT="h"
								       HPOS="1418"
								       VPOS="596"
								       WIDTH="0"
								       HEIGHT="39"
								       GC="0.9999">
								</Glyph>
							</String>
							<SP ID="segment_9"
							    HPOS="1435" 
							    VPOS="596"
							    WIDTH="8" 
							    HEIGHT="39"/>
							<String ID="segment_10"
								CONTENT="Bullinger" 
								HPOS="1460" 
								VPOS="596"
								WIDTH="129" 
								HEIGHT="39" 
								WC="0.9222">
								<Glyph ID="char_40" 
								       CONTENT="B"
								       HPOS="1460"
								       VPOS="596"
								       WIDTH="4"
								       HEIGHT="39"
								       GC="0.9991">
								</Glyph>
								<Glyph ID="char_41" 
								       CONTENT="u"
								       HPOS="1481"
								       VPOS="596"
								       WIDTH="4"
								       HEIGHT="39"
								       GC="1.0">
								</Glyph>
								<Glyph ID="char_42" 
								       CONTENT="l"
								       HPOS="1497"
								       VPOS="596"
								       WIDTH="0"
								       HEIGHT="39"
								       GC="0.9879">
								</Glyph>
								<Glyph ID="char_43" 
								       CONTENT="l"
								       HPOS="1506"
								       VPOS="596"
								       WIDTH="4"
								       HEIGHT="39"
								       GC="0.9935">
								</Glyph>
								<Glyph ID="char_44" 
								       CONTENT="i"
								       HPOS="1518"
								       VPOS="596"
								       WIDTH="0"
								       HEIGHT="39"
								       GC="0.9995">
								</Glyph>
								<Glyph ID="char_45" 
								       CONTENT="n"
								       HPOS="1531"
								       VPOS="596"
								       WIDTH="0"
								       HEIGHT="39"
								       GC="0.6348">
								</Glyph>
								<Glyph ID="char_46" 
								       CONTENT="g"
								       HPOS="1552"
								       VPOS="596"
								       WIDTH="4"
								       HEIGHT="39"
								       GC="0.7608">
								</Glyph>
								<Glyph ID="char_47" 
								       CONTENT="e"
								       HPOS="1568"
								       VPOS="596"
								       WIDTH="4"
								       HEIGHT="39"
								       GC="0.9992">
								</Glyph>
								<Glyph ID="char_48" 
								       CONTENT="r"
								       HPOS="1585"
								       VPOS="596"
								       WIDTH="4"
								       HEIGHT="39"
								       GC="0.9252">
								</Glyph>
							</String>
							<SP ID="segment_11"
							    HPOS="1593" 
							    VPOS="596"
							    WIDTH="9" 
							    HEIGHT="39"/>
							<String ID="segment_12"
								CONTENT="im" 
								HPOS="1610" 
								VPOS="596"
								WIDTH="17" 
								HEIGHT="39" 
								WC="1.0">
								<Glyph ID="char_50" 
								       CONTENT="i"
								       HPOS="1610"
								       VPOS="596"
								       WIDTH="4"
								       HEIGHT="39"
								       GC="1.0">
								</Glyph>
								<Glyph ID="char_51" 
								       CONTENT="m"
								       HPOS="1622"
								       VPOS="596"
								       WIDTH="5"
								       HEIGHT="39"
								       GC="1.0">
								</Glyph>
							</String>
							<SP ID="segment_13"
							    HPOS="1652" 
							    VPOS="596"
							    WIDTH="8" 
							    HEIGHT="39"/>
							<String ID="segment_14"
								CONTENT="Blick" 
								HPOS="1677" 
								VPOS="596"
								WIDTH="54" 
								HEIGHT="39" 
								WC="1.0">
								<Glyph ID="char_53" 
								       CONTENT="B"
								       HPOS="1677"
								       VPOS="596"
								       WIDTH="4"
								       HEIGHT="39"
								       GC="1.0">
								</Glyph>
								<Glyph ID="char_54" 
								       CONTENT="l"
								       HPOS="1693"
								       VPOS="596"
								       WIDTH="0"
								       HEIGHT="39"
								       GC="1.0">
								</Glyph>
								<Glyph ID="char_55" 
								       CONTENT="i"
								       HPOS="1702"
								       VPOS="596"
								       WIDTH="4"
								       HEIGHT="39"
								       GC="1.0">
								</Glyph>
								<Glyph ID="char_56" 
								       CONTENT="c"
								       HPOS="1718"
								       VPOS="596"
								       WIDTH="0"
								       HEIGHT="39"
								       GC="1.0">
								</Glyph>
								<Glyph ID="char_57" 
								       CONTENT="k"
								       HPOS="1731"
								       VPOS="596"
								       WIDTH="0"
								       HEIGHT="39"
								       GC="1.0">
								</Glyph>
							</String>
							<SP ID="segment_15"
							    HPOS="1747" 
							    VPOS="596"
							    WIDTH="9" 
							    HEIGHT="39"/>
							<String ID="segment_16"
								CONTENT="auf" 
								HPOS="1764" 
								VPOS="596"
								WIDTH="42" 
								HEIGHT="39" 
								WC="0.9988">
								<Glyph ID="char_59" 
								       CONTENT="a"
								       HPOS="1764"
								       VPOS="596"
								       WIDTH="4"
								       HEIGHT="39"
								       GC="1.0">
								</Glyph>
								<Glyph ID="char_60" 
								       CONTENT="u"
								       HPOS="1785"
								       VPOS="596"
								       WIDTH="4"
								       HEIGHT="39"
								       GC="0.9974">
								</Glyph>
								<Glyph ID="char_61" 
								       CONTENT="f"
								       HPOS="1806"
								       VPOS="596"
								       WIDTH="0"
								       HEIGHT="39"
								       GC="0.9991">
								</Glyph>
							</String>
					</TextLine>
					<TextLine ID="line_1"
						  HPOS="710"
						  VPOS="643" 
						  WIDTH="1098" 
						  HEIGHT="39">
							<String ID="segment_17"
								CONTENT="Entstehung," 
								HPOS="710" 
								VPOS="643"
								WIDTH="172" 
								HEIGHT="39" 
								WC="0.9141">
								<Glyph ID="char_62" 
								       CONTENT="E"
								       HPOS="710"
								       VPOS="643"
								       WIDTH="0"
								       HEIGHT="39"
								       GC="1.0">
								</Glyph>
								<Glyph ID="char_63" 
								       CONTENT="n"
								       HPOS="726"
								       VPOS="643"
								       WIDTH="4"
								       HEIGHT="39"
								       GC="1.0">
								</Glyph>
								<Glyph ID="char_64" 
								       CONTENT="t"
								       HPOS="746"
								       VPOS="643"
								       WIDTH="4"
								       HEIGHT="39"
								       GC="1.0">
								</Glyph>
								<Glyph ID="char_65" 
								       CONTENT="s"
								       HPOS="762"
								       VPOS="643"
								       WIDTH="0"
								       HEIGHT="39"
								       GC="1.0">
								</Glyph>
								<Glyph ID="char_66" 
								       CONTENT="t"
								       HPOS="774"
								       VPOS="643"
								       WIDTH="0"
								       HEIGHT="39"
								       GC="1.0">
								</Glyph>
								<Glyph ID="char_67" 
								       CONTENT="e"
								       HPOS="790"
								       VPOS="643"
								       WIDTH="0"
								       HEIGHT="39"
								       GC="1.0">
								</Glyph>
								<Glyph ID="char_68" 
								       CONTENT="h"
								       HPOS="802"
								       VPOS="643"
								       WIDTH="0"
								       HEIGHT="39"
								       GC="0.6499">
								</Glyph>
								<Glyph ID="char_69" 
								       CONTENT="u"
								       HPOS="826"
								       VPOS="643"
								       WIDTH="4"
								       HEIGHT="39"
								       GC="1.0">
								</Glyph>
								<Glyph ID="char_70" 
								       CONTENT="n"
								       HPOS="846"
								       VPOS="643"
								       WIDTH="0"
								       HEIGHT="39"
								       GC="0.8916">
								</Glyph>
								<Glyph ID="char_71" 
								       CONTENT="g"
								       HPOS="870"
								       VPOS="643"
								       WIDTH="4"
								       HEIGHT="39"
								       GC="1.0">
								</Glyph>
								<Glyph ID="char_72" 
								       CONTENT=","
								       HPOS="882"
								       VPOS="643"
								       WIDTH="0"
								       HEIGHT="39"
								       GC="0.514">
								</Glyph>
							</String>
							<SP ID="segment_18"
							    HPOS="890" 
							    VPOS="643"
							    WIDTH="20" 
							    HEIGHT="39"/>
							<String ID="segment_19"
								CONTENT="Abfassung" 
								HPOS="930" 
								VPOS="643"
								WIDTH="153" 
								HEIGHT="39" 
								WC="0.9702">
								<Glyph ID="char_74" 
								       CONTENT="A"
								       HPOS="930"
								       VPOS="643"
								       WIDTH="0"
								       HEIGHT="39"
								       GC="0.8005">
								</Glyph>
								<Glyph ID="char_75" 
								       CONTENT="b"
								       HPOS="950"
								       VPOS="643"
								       WIDTH="0"
								       HEIGHT="39"
								       GC="1.0">
								</Glyph>
								<Glyph ID="char_76" 
								       CONTENT="f"
								       HPOS="975"
								       VPOS="643"
								       WIDTH="0"
								       HEIGHT="39"
								       GC="0.9312">
								</Glyph>
								<Glyph ID="char_77" 
								       CONTENT="a"
								       HPOS="987"
								       VPOS="643"
								       WIDTH="4"
								       HEIGHT="39"
								       GC="1.0">
								</Glyph>
								<Glyph ID="char_78" 
								       CONTENT="s"
								       HPOS="1007"
								       VPOS="643"
								       WIDTH="0"
								       HEIGHT="39"
								       GC="1.0">
								</Glyph>
								<Glyph ID="char_79" 
								       CONTENT="s"
								       HPOS="1019"
								       VPOS="643"
								       WIDTH="4"
								       HEIGHT="39"
								       GC="1.0">
								</Glyph>
								<Glyph ID="char_80" 
								       CONTENT="u"
								       HPOS="1035"
								       VPOS="643"
								       WIDTH="4"
								       HEIGHT="39"
								       GC="1.0">
								</Glyph>
								<Glyph ID="char_81" 
								       CONTENT="n"
								       HPOS="1055"
								       VPOS="643"
								       WIDTH="0"
								       HEIGHT="39"
								       GC="1.0">
								</Glyph>
								<Glyph ID="char_82" 
								       CONTENT="g"
								       HPOS="1079"
								       VPOS="643"
								       WIDTH="4"
								       HEIGHT="39"
								       GC="1.0">
								</Glyph>
							</String>
							<SP ID="segment_20"
							    HPOS="1091" 
							    VPOS="643"
							    WIDTH="20" 
							    HEIGHT="39"/>
							<String ID="segment_21"
								CONTENT="und" 
								HPOS="1123" 
								VPOS="643"
								WIDTH="52" 
								HEIGHT="39" 
								WC="0.9999">
								<Glyph ID="char_84" 
								       CONTENT="u"
								       HPOS="1123"
								       VPOS="643"
								       WIDTH="4"
								       HEIGHT="39"
								       GC="1.0">
								</Glyph>
								<Glyph ID="char_85" 
								       CONTENT="n"
								       HPOS="1147"
								       VPOS="643"
								       WIDTH="0"
								       HEIGHT="39"
								       GC="0.9998">
								</Glyph>
								<Glyph ID="char_86" 
								       CONTENT="d"
								       HPOS="1171"
								       VPOS="643"
								       WIDTH="4"
								       HEIGHT="39"
								       GC="1.0">
								</Glyph>
							</String>
							<SP ID="segment_22"
							    HPOS="1183" 
							    VPOS="643"
							    WIDTH="24" 
							    HEIGHT="39"/>
							<String ID="segment_23"
								CONTENT="Rezeption" 
								HPOS="1223" 
								VPOS="643"
								WIDTH="140" 
								HEIGHT="39" 
								WC="0.9967">
								<Glyph ID="char_88" 
								       CONTENT="R"
								       HPOS="1223"
								       VPOS="643"
								       WIDTH="0"
								       HEIGHT="39"
								       GC="1.0">
								</Glyph>
								<Glyph ID="char_89" 
								       CONTENT="e"
								       HPOS="1247"
								       VPOS="643"
								       WIDTH="0"
								       HEIGHT="39"
								       GC="1.0">
								</Glyph>
								<Glyph ID="char_90" 
								       CONTENT="z"
								       HPOS="1263"
								       VPOS="643"
								       WIDTH="0"
								       HEIGHT="39"
								       GC="0.9734">
								</Glyph>
								<Glyph ID="char_91" 
								       CONTENT="e"
								       HPOS="1279"
								       VPOS="643"
								       WIDTH="4"
								       HEIGHT="39"
								       GC="1.0">
								</Glyph>
								<Glyph ID="char_92" 
								       CONTENT="p"
								       HPOS="1295"
								       VPOS="643"
								       WIDTH="0"
								       HEIGHT="39"
								       GC="0.9986">
								</Glyph>
								<Glyph ID="char_93" 
								       CONTENT="t"
								       HPOS="1315"
								       VPOS="643"
								       WIDTH="4"
								       HEIGHT="39"
								       GC="1.0">
								</Glyph>
								<Glyph ID="char_94" 
								       CONTENT="i"
								       HPOS="1327"
								       VPOS="643"
								       WIDTH="0"
								       HEIGHT="39"
								       GC="1.0">
								</Glyph>
								<Glyph ID="char_95" 
								       CONTENT="o"
								       HPOS="1339"
								       VPOS="643"
								       WIDTH="4"
								       HEIGHT="39"
								       GC="0.9995">
								</Glyph>
								<Glyph ID="char_96" 
								       CONTENT="n"
								       HPOS="1359"
								       VPOS="643"
								       WIDTH="4"
								       HEIGHT="39"
								       GC="0.9984">
								</Glyph>
							</String>
							<SP ID="segment_24"
							    HPOS="1375" 
							    VPOS="643"
							    WIDTH="24" 
							    HEIGHT="39"/>
							<String ID="segment_25"
								CONTENT="der" 
								HPOS="1415" 
								VPOS="643"
								WIDTH="36" 
								HEIGHT="39" 
								WC="0.9978">
								<Glyph ID="char_98" 
								       CONTENT="d"
								       HPOS="1415"
								       VPOS="643"
								       WIDTH="4"
								       HEIGHT="39"
								       GC="0.9962">
								</Glyph>
								<Glyph ID="char_99" 
								       CONTENT="e"
								       HPOS="1435"
								       VPOS="643"
								       WIDTH="0"
								       HEIGHT="39"
								       GC="1.0">
								</Glyph>
								<Glyph ID="char_100" 
								       CONTENT="r"
								       HPOS="1451"
								       VPOS="643"
								       WIDTH="0"
								       HEIGHT="39"
								       GC="0.9971">
								</Glyph>
							</String>
							<SP ID="segment_26"
							    HPOS="1459" 
							    VPOS="643"
							    WIDTH="20" 
							    HEIGHT="39"/>
							<String ID="segment_27"
								CONTENT="`Confessio" 
								HPOS="1491" 
								VPOS="643"
								WIDTH="157" 
								HEIGHT="39" 
								WC="1.0">
								<Glyph ID="char_102" 
								       CONTENT="`"
								       HPOS="1491"
								       VPOS="643"
								       WIDTH="0"
								       HEIGHT="39"
								       GC="0.9998">
								</Glyph>
								<Glyph ID="char_103" 
								       CONTENT="C"
								       HPOS="1511"
								       VPOS="643"
								       WIDTH="4"
								       HEIGHT="39"
								       GC="0.9998">
								</Glyph>
								<Glyph ID="char_104" 
								       CONTENT="o"
								       HPOS="1531"
								       VPOS="643"
								       WIDTH="4"
								       HEIGHT="39"
								       GC="1.0">
								</Glyph>
								<Glyph ID="char_105" 
								       CONTENT="n"
								       HPOS="1552"
								       VPOS="643"
								       WIDTH="0"
								       HEIGHT="39"
								       GC="0.9999">
								</Glyph>
								<Glyph ID="char_106" 
								       CONTENT="f"
								       HPOS="1572"
								       VPOS="643"
								       WIDTH="4"
								       HEIGHT="39"
								       GC="1.0">
								</Glyph>
								<Glyph ID="char_107" 
								       CONTENT="e"
								       HPOS="1588"
								       VPOS="643"
								       WIDTH="0"
								       HEIGHT="39"
								       GC="1.0">
								</Glyph>
								<Glyph ID="char_108" 
								       CONTENT="s"
								       HPOS="1604"
								       VPOS="643"
								       WIDTH="0"
								       HEIGHT="39"
								       GC="1.0">
								</Glyph>
								<Glyph ID="char_109" 
								       CONTENT="s"
								       HPOS="1616"
								       VPOS="643"
								       WIDTH="4"
								       HEIGHT="39"
								       GC="1.0">
								</Glyph>
								<Glyph ID="char_110" 
								       CONTENT="i"
								       HPOS="1628"
								       VPOS="643"
								       WIDTH="4"
								       HEIGHT="39"
								       GC="1.0">
								</Glyph>
								<Glyph ID="char_111" 
								       CONTENT="o"
								       HPOS="1644"
								       VPOS="643"
								       WIDTH="4"
								       HEIGHT="39"
								       GC="1.0">
								</Glyph>
							</String>
							<SP ID="segment_28"
							    HPOS="1660" 
							    VPOS="643"
							    WIDTH="24" 
							    HEIGHT="39"/>
							<String ID="segment_29"
								CONTENT="Raetica&#39;" 
								HPOS="1700" 
								VPOS="643"
								WIDTH="108" 
								HEIGHT="39" 
								WC="0.9622">
								<Glyph ID="char_113" 
								       CONTENT="R"
								       HPOS="1700"
								       VPOS="643"
								       WIDTH="0"
								       HEIGHT="39"
								       GC="0.7205">
								</Glyph>
								<Glyph ID="char_114" 
								       CONTENT="a"
								       HPOS="1720"
								       VPOS="643"
								       WIDTH="0"
								       HEIGHT="39"
								       GC="0.9807">
								</Glyph>
								<Glyph ID="char_115" 
								       CONTENT="e"
								       HPOS="1740"
								       VPOS="643"
								       WIDTH="0"
								       HEIGHT="39"
								       GC="1.0">
								</Glyph>
								<Glyph ID="char_116" 
								       CONTENT="t"
								       HPOS="1752"
								       VPOS="643"
								       WIDTH="4"
								       HEIGHT="39"
								       GC="1.0">
								</Glyph>
								<Glyph ID="char_117" 
								       CONTENT="i"
								       HPOS="1764"
								       VPOS="643"
								       WIDTH="0"
								       HEIGHT="39"
								       GC="0.9999">
								</Glyph>
								<Glyph ID="char_118" 
								       CONTENT="c"
								       HPOS="1780"
								       VPOS="643"
								       WIDTH="0"
								       HEIGHT="39"
								       GC="1.0">
								</Glyph>
								<Glyph ID="char_119" 
								       CONTENT="a"
								       HPOS="1792"
								       VPOS="643"
								       WIDTH="0"
								       HEIGHT="39"
								       GC="0.9973">
								</Glyph>
								<Glyph ID="char_120" 
								       CONTENT="&#39;"
								       HPOS="1808"
								       VPOS="643"
								       WIDTH="0"
								       HEIGHT="39"
								       GC="0.9995">
								</Glyph>
							</String>
					</TextLine>
					<TextLine ID="line_2"
						  HPOS="700"
						  VPOS="689" 
						  WIDTH="1103" 
						  HEIGHT="40">
							<String ID="segment_30"
								CONTENT="(1552/53)," 
								HPOS="700" 
								VPOS="689"
								WIDTH="159" 
								HEIGHT="40" 
								WC="0.9795">
								<Glyph ID="char_121" 
								       CONTENT="("
								       HPOS="700"
								       VPOS="689"
								       WIDTH="0"
								       HEIGHT="40"
								       GC="1.0">
								</Glyph>
								<Glyph ID="char_122" 
								       CONTENT="1"
								       HPOS="714"
								       VPOS="689"
								       WIDTH="0"
								       HEIGHT="40"
								       GC="1.0">
								</Glyph>
								<Glyph ID="char_123" 
								       CONTENT="5"
								       HPOS="732"
								       VPOS="689"
								       WIDTH="5"
								       HEIGHT="40"
								       GC="1.0">
								</Glyph>
								<Glyph ID="char_124" 
								       CONTENT="5"
								       HPOS="751"
								       VPOS="689"
								       WIDTH="5"
								       HEIGHT="40"
								       GC="1.0">
								</Glyph>
								<Glyph ID="char_125" 
								       CONTENT="2"
								       HPOS="775"
								       VPOS="689"
								       WIDTH="0"
								       HEIGHT="40"
								       GC="1.0">
								</Glyph>
								<Glyph ID="char_126" 
								       CONTENT="/"
								       HPOS="793"
								       VPOS="689"
								       WIDTH="5"
								       HEIGHT="40"
								       GC="1.0">
								</Glyph>
								<Glyph ID="char_127" 
								       CONTENT="5"
								       HPOS="812"
								       VPOS="689"
								       WIDTH="5"
								       HEIGHT="40"
								       GC="1.0">
								</Glyph>
								<Glyph ID="char_128" 
								       CONTENT="3"
								       HPOS="831"
								       VPOS="689"
								       WIDTH="0"
								       HEIGHT="40"
								       GC="0.7977">
								</Glyph>
								<Glyph ID="char_129" 
								       CONTENT=")"
								       HPOS="845"
								       VPOS="689"
								       WIDTH="0"
								       HEIGHT="40"
								       GC="0.9974">
								</Glyph>
								<Glyph ID="char_130" 
								       CONTENT=","
								       HPOS="859"
								       VPOS="689"
								       WIDTH="0"
								       HEIGHT="40"
								       GC="1.0">
								</Glyph>
							</String>
							<SP ID="segment_31"
							    HPOS="863" 
							    VPOS="689"
							    WIDTH="10" 
							    HEIGHT="40"/>
							<String ID="segment_32"
								CONTENT="in:" 
								HPOS="882" 
								VPOS="689"
								WIDTH="37" 
								HEIGHT="40" 
								WC="0.9993">
								<Glyph ID="char_132" 
								       CONTENT="i"
								       HPOS="882"
								       VPOS="689"
								       WIDTH="0"
								       HEIGHT="40"
								       GC="1.0">
								</Glyph>
								<Glyph ID="char_133" 
								       CONTENT="n"
								       HPOS="896"
								       VPOS="689"
								       WIDTH="0"
								       HEIGHT="40"
								       GC="0.9998">
								</Glyph>
								<Glyph ID="char_134" 
								       CONTENT=":"
								       HPOS="919"
								       VPOS="689"
								       WIDTH="0"
								       HEIGHT="40"
								       GC="0.998">
								</Glyph>
							</String>
							<SP ID="segment_33"
							    HPOS="929" 
							    VPOS="689"
							    WIDTH="9" 
							    HEIGHT="40"/>
							<String ID="segment_34"
								CONTENT="Zvingtiaza," 
								HPOS="957" 
								VPOS="689"
								WIDTH="145" 
								HEIGHT="40" 
								WC="0.9977">
								<Glyph ID="char_136" 
								       CONTENT="Z"
								       HPOS="957"
								       VPOS="689"
								       WIDTH="5"
								       HEIGHT="40"
								       GC="0.9981">
								</Glyph>
								<Glyph ID="char_137" 
								       CONTENT="v"
								       HPOS="976"
								       VPOS="689"
								       WIDTH="4"
								       HEIGHT="40"
								       GC="1.0">
								</Glyph>
								<Glyph ID="char_138" 
								       CONTENT="i"
								       HPOS="994"
								       VPOS="689"
								       WIDTH="5"
								       HEIGHT="40"
								       GC="1.0">
								</Glyph>
								<Glyph ID="char_139" 
								       CONTENT="n"
								       HPOS="1008"
								       VPOS="689"
								       WIDTH="0"
								       HEIGHT="40"
								       GC="1.0">
								</Glyph>
								<Glyph ID="char_140" 
								       CONTENT="g"
								       HPOS="1022"
								       VPOS="689"
								       WIDTH="5"
								       HEIGHT="40"
								       GC="1.0">
								</Glyph>
								<Glyph ID="char_141" 
								       CONTENT="t"
								       HPOS="1041"
								       VPOS="689"
								       WIDTH="0"
								       HEIGHT="40"
								       GC="1.0">
								</Glyph>
								<Glyph ID="char_142" 
								       CONTENT="i"
								       HPOS="1046"
								       VPOS="689"
								       WIDTH="0"
								       HEIGHT="40"
								       GC="0.9767">
								</Glyph>
								<Glyph ID="char_143" 
								       CONTENT="a"
								       HPOS="1060"
								       VPOS="689"
								       WIDTH="0"
								       HEIGHT="40"
								       GC="1.0">
								</Glyph>
								<Glyph ID="char_144" 
								       CONTENT="z"
								       HPOS="1074"
								       VPOS="689"
								       WIDTH="0"
								       HEIGHT="40"
								       GC="1.0">
								</Glyph>
								<Glyph ID="char_145" 
								       CONTENT="a"
								       HPOS="1093"
								       VPOS="689"
								       WIDTH="0"
								       HEIGHT="40"
								       GC="1.0">
								</Glyph>
								<Glyph ID="char_146" 
								       CONTENT=","
								       HPOS="1102"
								       VPOS="689"
								       WIDTH="0"
								       HEIGHT="40"
								       GC="1.0">
								</Glyph>
							</String>
							<SP ID="segment_35"
							    HPOS="1107" 
							    VPOS="689"
							    WIDTH="9" 
							    HEIGHT="40"/>
							<String ID="segment_36"
								CONTENT="Bd." 
								HPOS="1135" 
								VPOS="689"
								WIDTH="37" 
								HEIGHT="40" 
								WC="1.0">
								<Glyph ID="char_148" 
								       CONTENT="B"
								       HPOS="1135"
								       VPOS="689"
								       WIDTH="4"
								       HEIGHT="40"
								       GC="1.0">
								</Glyph>
								<Glyph ID="char_149" 
								       CONTENT="d"
								       HPOS="1163"
								       VPOS="689"
								       WIDTH="0"
								       HEIGHT="40"
								       GC="1.0">
								</Glyph>
								<Glyph ID="char_150" 
								       CONTENT="."
								       HPOS="1172"
								       VPOS="689"
								       WIDTH="0"
								       HEIGHT="40"
								       GC="1.0">
								</Glyph>
							</String>
							<SP ID="segment_37"
							    HPOS="1177" 
							    VPOS="689"
							    WIDTH="9" 
							    HEIGHT="40"/>
							<String ID="segment_38"
								CONTENT="40," 
								HPOS="1200" 
								VPOS="689"
								WIDTH="33" 
								HEIGHT="40" 
								WC="0.9166">
								<Glyph ID="char_152" 
								       CONTENT="4"
								       HPOS="1200"
								       VPOS="689"
								       WIDTH="0"
								       HEIGHT="40"
								       GC="1.0">
								</Glyph>
								<Glyph ID="char_153" 
								       CONTENT="0"
								       HPOS="1219"
								       VPOS="689"
								       WIDTH="0"
								       HEIGHT="40"
								       GC="1.0">
								</Glyph>
								<Glyph ID="char_154" 
								       CONTENT=","
								       HPOS="1233"
								       VPOS="689"
								       WIDTH="0"
								       HEIGHT="40"
								       GC="0.7497">
								</Glyph>
							</String>
							<SP ID="segment_39"
							    HPOS="1237" 
							    VPOS="689"
							    WIDTH="10" 
							    HEIGHT="40"/>
							<String ID="segment_40"
								CONTENT="2013," 
								HPOS="1261" 
								VPOS="689"
								WIDTH="75" 
								HEIGHT="40" 
								WC="0.9997">
								<Glyph ID="char_156" 
								       CONTENT="2"
								       HPOS="1261"
								       VPOS="689"
								       WIDTH="5"
								       HEIGHT="40"
								       GC="1.0">
								</Glyph>
								<Glyph ID="char_157" 
								       CONTENT="0"
								       HPOS="1284"
								       VPOS="689"
								       WIDTH="0"
								       HEIGHT="40"
								       GC="1.0">
								</Glyph>
								<Glyph ID="char_158" 
								       CONTENT="1"
								       HPOS="1298"
								       VPOS="689"
								       WIDTH="5"
								       HEIGHT="40"
								       GC="1.0">
								</Glyph>
								<Glyph ID="char_159" 
								       CONTENT="3"
								       HPOS="1317"
								       VPOS="689"
								       WIDTH="5"
								       HEIGHT="40"
								       GC="0.9999">
								</Glyph>
								<Glyph ID="char_160" 
								       CONTENT=","
								       HPOS="1331"
								       VPOS="689"
								       WIDTH="5"
								       HEIGHT="40"
								       GC="0.9984">
								</Glyph>
							</String>
							<SP ID="segment_41"
							    HPOS="1340" 
							    VPOS="689"
							    WIDTH="5" 
							    HEIGHT="40"/>
							<String ID="segment_42"
								CONTENT="S." 
								HPOS="1364" 
								VPOS="689"
								WIDTH="14" 
								HEIGHT="40" 
								WC="0.7704">
								<Glyph ID="char_162" 
								       CONTENT="S"
								       HPOS="1364"
								       VPOS="689"
								       WIDTH="0"
								       HEIGHT="40"
								       GC="0.581">
								</Glyph>
								<Glyph ID="char_163" 
								       CONTENT="."
								       HPOS="1378"
								       VPOS="689"
								       WIDTH="0"
								       HEIGHT="40"
								       GC="0.9599">
								</Glyph>
							</String>
							<SP ID="segment_43"
							    HPOS="1382" 
							    VPOS="689"
							    WIDTH="10" 
							    HEIGHT="40"/>
							<String ID="segment_44"
								CONTENT="37-71." 
								HPOS="1406" 
								VPOS="689"
								WIDTH="84" 
								HEIGHT="40" 
								WC="0.9991">
								<Glyph ID="char_165" 
								       CONTENT="3"
								       HPOS="1406"
								       VPOS="689"
								       WIDTH="0"
								       HEIGHT="40"
								       GC="0.9992">
								</Glyph>
								<Glyph ID="char_166" 
								       CONTENT="7"
								       HPOS="1425"
								       VPOS="689"
								       WIDTH="4"
								       HEIGHT="40"
								       GC="0.999">
								</Glyph>
								<Glyph ID="char_167" 
								       CONTENT="-"
								       HPOS="1439"
								       VPOS="689"
								       WIDTH="4"
								       HEIGHT="40"
								       GC="0.9994">
								</Glyph>
								<Glyph ID="char_168" 
								       CONTENT="7"
								       HPOS="1457"
								       VPOS="689"
								       WIDTH="5"
								       HEIGHT="40"
								       GC="1.0">
								</Glyph>
								<Glyph ID="char_169" 
								       CONTENT="1"
								       HPOS="1476"
								       VPOS="689"
								       WIDTH="5"
								       HEIGHT="40"
								       GC="0.9999">
								</Glyph>
								<Glyph ID="char_170" 
								       CONTENT="."
								       HPOS="1490"
								       VPOS="689"
								       WIDTH="0"
								       HEIGHT="40"
								       GC="0.9972">
								</Glyph>
							</String>
							<SP ID="segment_45"
							    HPOS="1499" 
							    VPOS="689"
							    WIDTH="10" 
							    HEIGHT="40"/>
							<String ID="segment_46"
								CONTENT="In" 
								HPOS="1518" 
								VPOS="689"
								WIDTH="19" 
								HEIGHT="40" 
								WC="0.999">
								<Glyph ID="char_172" 
								       CONTENT="I"
								       HPOS="1518"
								       VPOS="689"
								       WIDTH="0"
								       HEIGHT="40"
								       GC="0.9988">
								</Glyph>
								<Glyph ID="char_173" 
								       CONTENT="n"
								       HPOS="1532"
								       VPOS="689"
								       WIDTH="5"
								       HEIGHT="40"
								       GC="0.9992">
								</Glyph>
							</String>
							<SP ID="segment_47"
							    HPOS="1551" 
							    VPOS="689"
							    WIDTH="4" 
							    HEIGHT="40"/>
							<String ID="segment_48"
								CONTENT="diesem" 
								HPOS="1574" 
								VPOS="689"
								WIDTH="75" 
								HEIGHT="40" 
								WC="0.9991">
								<Glyph ID="char_175" 
								       CONTENT="d"
								       HPOS="1574"
								       VPOS="689"
								       WIDTH="5"
								       HEIGHT="40"
								       GC="1.0">
								</Glyph>
								<Glyph ID="char_176" 
								       CONTENT="i"
								       HPOS="1584"
								       VPOS="689"
								       WIDTH="4"
								       HEIGHT="40"
								       GC="1.0">
								</Glyph>
								<Glyph ID="char_177" 
								       CONTENT="e"
								       HPOS="1602"
								       VPOS="689"
								       WIDTH="0"
								       HEIGHT="40"
								       GC="1.0">
								</Glyph>
								<Glyph ID="char_178" 
								       CONTENT="s"
								       HPOS="1616"
								       VPOS="689"
								       WIDTH="0"
								       HEIGHT="40"
								       GC="0.9976">
								</Glyph>
								<Glyph ID="char_179" 
								       CONTENT="e"
								       HPOS="1635"
								       VPOS="689"
								       WIDTH="0"
								       HEIGHT="40"
								       GC="0.9979">
								</Glyph>
								<Glyph ID="char_180" 
								       CONTENT="m"
								       HPOS="1649"
								       VPOS="689"
								       WIDTH="0"
								       HEIGHT="40"
								       GC="0.9992">
								</Glyph>
							</String>
							<SP ID="segment_49"
							    HPOS="1672" 
							    VPOS="689"
							    WIDTH="14" 
							    HEIGHT="40"/>
							<String ID="segment_50"
								CONTENT="Aufsatz" 
								HPOS="1700" 
								VPOS="689"
								WIDTH="103" 
								HEIGHT="40" 
								WC="0.9154">
								<Glyph ID="char_182" 
								       CONTENT="A"
								       HPOS="1700"
								       VPOS="689"
								       WIDTH="0"
								       HEIGHT="40"
								       GC="1.0">
								</Glyph>
								<Glyph ID="char_183" 
								       CONTENT="u"
								       HPOS="1724"
								       VPOS="689"
								       WIDTH="4"
								       HEIGHT="40"
								       GC="1.0">
								</Glyph>
								<Glyph ID="char_184" 
								       CONTENT="f"
								       HPOS="1742"
								       VPOS="689"
								       WIDTH="5"
								       HEIGHT="40"
								       GC="0.9996">
								</Glyph>
								<Glyph ID="char_185" 
								       CONTENT="s"
								       HPOS="1757"
								       VPOS="689"
								       WIDTH="4"
								       HEIGHT="40"
								       GC="0.9998">
								</Glyph>
								<Glyph ID="char_186" 
								       CONTENT="a"
								       HPOS="1771"
								       VPOS="689"
								       WIDTH="0"
								       HEIGHT="40"
								       GC="0.9977">
								</Glyph>
								<Glyph ID="char_187" 
								       CONTENT="t"
								       HPOS="1789"
								       VPOS="689"
								       WIDTH="0"
								       HEIGHT="40"
								       GC="0.4117">
								</Glyph>
								<Glyph ID="char_188" 
								       CONTENT="z"
								       HPOS="1803"
								       VPOS="689"
								       WIDTH="0"
								       HEIGHT="40"
								       GC="0.9992">
								</Glyph>
							</String>
					</TextLine>
					<TextLine ID="line_3"
						  HPOS="699"
						  VPOS="737" 
						  WIDTH="552" 
						  HEIGHT="39">
							<String ID="segment_51"
								CONTENT="sind" 
								HPOS="699" 
								VPOS="737"
								WIDTH="55" 
								HEIGHT="39" 
								WC="0.9797">
								<Glyph ID="char_189" 
								       CONTENT="s"
								       HPOS="699"
								       VPOS="737"
								       WIDTH="4"
								       HEIGHT="39"
								       GC="1.0">
								</Glyph>
								<Glyph ID="char_190" 
								       CONTENT="i"
								       HPOS="712"
								       VPOS="737"
								       WIDTH="0"
								       HEIGHT="39"
								       GC="0.9187">
								</Glyph>
								<Glyph ID="char_191" 
								       CONTENT="n"
								       HPOS="724"
								       VPOS="737"
								       WIDTH="0"
								       HEIGHT="39"
								       GC="1.0">
								</Glyph>
								<Glyph ID="char_192" 
								       CONTENT="d"
								       HPOS="749"
								       VPOS="737"
								       WIDTH="5"
								       HEIGHT="39"
								       GC="1.0">
								</Glyph>
							</String>
							<SP ID="segment_52"
							    HPOS="758" 
							    VPOS="737"
							    WIDTH="8" 
							    HEIGHT="39"/>
							<String ID="segment_53"
								CONTENT="folgende" 
								HPOS="779" 
								VPOS="737"
								WIDTH="125" 
								HEIGHT="39" 
								WC="0.999">
								<Glyph ID="char_194" 
								       CONTENT="f"
								       HPOS="779"
								       VPOS="737"
								       WIDTH="0"
								       HEIGHT="39"
								       GC="1.0">
								</Glyph>
								<Glyph ID="char_195" 
								       CONTENT="o"
								       HPOS="791"
								       VPOS="737"
								       WIDTH="4"
								       HEIGHT="39"
								       GC="1.0">
								</Glyph>
								<Glyph ID="char_196" 
								       CONTENT="l"
								       HPOS="808"
								       VPOS="737"
								       WIDTH="0"
								       HEIGHT="39"
								       GC="1.0">
								</Glyph>
								<Glyph ID="char_197" 
								       CONTENT="g"
								       HPOS="820"
								       VPOS="737"
								       WIDTH="9"
								       HEIGHT="39"
								       GC="1.0">
								</Glyph>
								<Glyph ID="char_198" 
								       CONTENT="e"
								       HPOS="841"
								       VPOS="737"
								       WIDTH="0"
								       HEIGHT="39"
								       GC="1.0">
								</Glyph>
								<Glyph ID="char_199" 
								       CONTENT="n"
								       HPOS="858"
								       VPOS="737"
								       WIDTH="0"
								       HEIGHT="39"
								       GC="0.9919">
								</Glyph>
								<Glyph ID="char_200" 
								       CONTENT="d"
								       HPOS="883"
								       VPOS="737"
								       WIDTH="4"
								       HEIGHT="39"
								       GC="1.0">
								</Glyph>
								<Glyph ID="char_201" 
								       CONTENT="e"
								       HPOS="900"
								       VPOS="737"
								       WIDTH="4"
								       HEIGHT="39"
								       GC="1.0">
								</Glyph>
							</String>
							<SP ID="segment_54"
							    HPOS="912" 
							    VPOS="737"
							    WIDTH="5" 
							    HEIGHT="39"/>
							<String ID="segment_55"
								CONTENT="Briefe" 
								HPOS="933" 
								VPOS="737"
								WIDTH="76" 
								HEIGHT="39" 
								WC="0.9511">
								<Glyph ID="char_203" 
								       CONTENT="B"
								       HPOS="933"
								       VPOS="737"
								       WIDTH="0"
								       HEIGHT="39"
								       GC="0.7069">
								</Glyph>
								<Glyph ID="char_204" 
								       CONTENT="r"
								       HPOS="950"
								       VPOS="737"
								       WIDTH="4"
								       HEIGHT="39"
								       GC="1.0">
								</Glyph>
								<Glyph ID="char_205" 
								       CONTENT="i"
								       HPOS="963"
								       VPOS="737"
								       WIDTH="0"
								       HEIGHT="39"
								       GC="0.9998">
								</Glyph>
								<Glyph ID="char_206" 
								       CONTENT="e"
								       HPOS="979"
								       VPOS="737"
								       WIDTH="0"
								       HEIGHT="39"
								       GC="1.0">
								</Glyph>
								<Glyph ID="char_207" 
								       CONTENT="f"
								       HPOS="992"
								       VPOS="737"
								       WIDTH="4"
								       HEIGHT="39"
								       GC="1.0">
								</Glyph>
								<Glyph ID="char_208" 
								       CONTENT="e"
								       HPOS="1009"
								       VPOS="737"
								       WIDTH="0"
								       HEIGHT="39"
								       GC="0.9999">
								</Glyph>
							</String>
							<SP ID="segment_56"
							    HPOS="1017" 
							    VPOS="737"
							    WIDTH="4" 
							    HEIGHT="39"/>
							<String ID="segment_57"
								CONTENT="veroffentlicht:" 
								HPOS="1029" 
								VPOS="737"
								WIDTH="222" 
								HEIGHT="39" 
								WC="0.9701">
								<Glyph ID="char_210" 
								       CONTENT="v"
								       HPOS="1029"
								       VPOS="737"
								       WIDTH="5"
								       HEIGHT="39"
								       GC="1.0">
								</Glyph>
								<Glyph ID="char_211" 
								       CONTENT="e"
								       HPOS="1055"
								       VPOS="737"
								       WIDTH="4"
								       HEIGHT="39"
								       GC="0.9994">
								</Glyph>
								<Glyph ID="char_212" 
								       CONTENT="r"
								       HPOS="1071"
								       VPOS="737"
								       WIDTH="4"
								       HEIGHT="39"
								       GC="1.0">
								</Glyph>
								<Glyph ID="char_213" 
								       CONTENT="o"
								       HPOS="1088"
								       VPOS="737"
								       WIDTH="4"
								       HEIGHT="39"
								       GC="1.0">
								</Glyph>
								<Glyph ID="char_214" 
								       CONTENT="f"
								       HPOS="1105"
								       VPOS="737"
								       WIDTH="4"
								       HEIGHT="39"
								       GC="1.0">
								</Glyph>
								<Glyph ID="char_215" 
								       CONTENT="f"
								       HPOS="1121"
								       VPOS="737"
								       WIDTH="0"
								       HEIGHT="39"
								       GC="0.8822">
								</Glyph>
								<Glyph ID="char_216" 
								       CONTENT="e"
								       HPOS="1134"
								       VPOS="737"
								       WIDTH="4"
								       HEIGHT="39"
								       GC="1.0">
								</Glyph>
								<Glyph ID="char_217" 
								       CONTENT="n"
								       HPOS="1151"
								       VPOS="737"
								       WIDTH="0"
								       HEIGHT="39"
								       GC="0.7027">
								</Glyph>
								<Glyph ID="char_218" 
								       CONTENT="t"
								       HPOS="1172"
								       VPOS="737"
								       WIDTH="0"
								       HEIGHT="39"
								       GC="1.0">
								</Glyph>
								<Glyph ID="char_219" 
								       CONTENT="l"
								       HPOS="1180"
								       VPOS="737"
								       WIDTH="0"
								       HEIGHT="39"
								       GC="0.9963">
								</Glyph>
								<Glyph ID="char_220" 
								       CONTENT="i"
								       HPOS="1188"
								       VPOS="737"
								       WIDTH="4"
								       HEIGHT="39"
								       GC="1.0">
								</Glyph>
								<Glyph ID="char_221" 
								       CONTENT="c"
								       HPOS="1205"
								       VPOS="737"
								       WIDTH="0"
								       HEIGHT="39"
								       GC="0.9808">
								</Glyph>
								<Glyph ID="char_222" 
								       CONTENT="h"
								       HPOS="1218"
								       VPOS="737"
								       WIDTH="0"
								       HEIGHT="39"
								       GC="0.9904">
								</Glyph>
								<Glyph ID="char_223" 
								       CONTENT="t"
								       HPOS="1238"
								       VPOS="737"
								       WIDTH="5"
								       HEIGHT="39"
								       GC="1.0">
								</Glyph>
								<Glyph ID="char_224" 
								       CONTENT=":"
								       HPOS="1251"
								       VPOS="737"
								       WIDTH="0"
								       HEIGHT="39"
								       GC="0.9999">
								</Glyph>
							</String>
					</TextLine>
					<TextLine ID="line_4"
						  HPOS="757"
						  VPOS="796" 
						  WIDTH="920" 
						  HEIGHT="31">
							<String ID="segment_58"
								CONTENT="-" 
								HPOS="757" 
								VPOS="796"
								WIDTH="0" 
								HEIGHT="31" 
								WC="1.0">
								<Glyph ID="char_225" 
								       CONTENT="-"
								       HPOS="757"
								       VPOS="796"
								       WIDTH="0"
								       HEIGHT="31"
								       GC="1.0">
								</Glyph>
							</String>
							<SP ID="segment_59"
							    HPOS="768" 
							    VPOS="796"
							    WIDTH="0" 
							    HEIGHT="31"/>
							<String ID="segment_60"
								CONTENT="Pier" 
								HPOS="782" 
								VPOS="796"
								WIDTH="41" 
								HEIGHT="31" 
								WC="0.9805">
								<Glyph ID="char_227" 
								       CONTENT="P"
								       HPOS="782"
								       VPOS="796"
								       WIDTH="0"
								       HEIGHT="31"
								       GC="0.9221">
								</Glyph>
								<Glyph ID="char_228" 
								       CONTENT="i"
								       HPOS="793"
								       VPOS="796"
								       WIDTH="0"
								       HEIGHT="31"
								       GC="1.0">
								</Glyph>
								<Glyph ID="char_229" 
								       CONTENT="e"
								       HPOS="804"
								       VPOS="796"
								       WIDTH="4"
								       HEIGHT="31"
								       GC="1.0">
								</Glyph>
								<Glyph ID="char_230" 
								       CONTENT="r"
								       HPOS="819"
								       VPOS="796"
								       WIDTH="4"
								       HEIGHT="31"
								       GC="1.0">
								</Glyph>
							</String>
							<SP ID="segment_61"
							    HPOS="826" 
							    VPOS="796"
							    WIDTH="4" 
							    HEIGHT="31"/>
							<String ID="segment_62"
								CONTENT="Paolo" 
								HPOS="845" 
								VPOS="796"
								WIDTH="55" 
								HEIGHT="31" 
								WC="1.0">
								<Glyph ID="char_232" 
								       CONTENT="P"
								       HPOS="845"
								       VPOS="796"
								       WIDTH="0"
								       HEIGHT="31"
								       GC="1.0">
								</Glyph>
								<Glyph ID="char_233" 
								       CONTENT="a"
								       HPOS="856"
								       VPOS="796"
								       WIDTH="3"
								       HEIGHT="31"
								       GC="1.0">
								</Glyph>
								<Glyph ID="char_234" 
								       CONTENT="o"
								       HPOS="874"
								       VPOS="796"
								       WIDTH="0"
								       HEIGHT="31"
								       GC="1.0">
								</Glyph>
								<Glyph ID="char_235" 
								       CONTENT="l"
								       HPOS="885"
								       VPOS="796"
								       WIDTH="4"
								       HEIGHT="31"
								       GC="1.0">
								</Glyph>
								<Glyph ID="char_236" 
								       CONTENT="o"
								       HPOS="900"
								       VPOS="796"
								       WIDTH="0"
								       HEIGHT="31"
								       GC="1.0">
								</Glyph>
							</String>
							<SP ID="segment_63"
							    HPOS="907" 
							    VPOS="796"
							    WIDTH="7" 
							    HEIGHT="31"/>
							<String ID="segment_64"
								CONTENT="Vergerio" 
								HPOS="922" 
								VPOS="796"
								WIDTH="106" 
								HEIGHT="31" 
								WC="0.9999">
								<Glyph ID="char_238" 
								       CONTENT="V"
								       HPOS="922"
								       VPOS="796"
								       WIDTH="3"
								       HEIGHT="31"
								       GC="1.0">
								</Glyph>
								<Glyph ID="char_239" 
								       CONTENT="e"
								       HPOS="947"
								       VPOS="796"
								       WIDTH="0"
								       HEIGHT="31"
								       GC="1.0">
								</Glyph>
								<Glyph ID="char_240" 
								       CONTENT="r"
								       HPOS="958"
								       VPOS="796"
								       WIDTH="4"
								       HEIGHT="31"
								       GC="0.9994">
								</Glyph>
								<Glyph ID="char_241" 
								       CONTENT="g"
								       HPOS="973"
								       VPOS="796"
								       WIDTH="4"
								       HEIGHT="31"
								       GC="1.0">
								</Glyph>
								<Glyph ID="char_242" 
								       CONTENT="e"
								       HPOS="988"
								       VPOS="796"
								       WIDTH="3"
								       HEIGHT="31"
								       GC="1.0">
								</Glyph>
								<Glyph ID="char_243" 
								       CONTENT="r"
								       HPOS="1002"
								       VPOS="796"
								       WIDTH="4"
								       HEIGHT="31"
								       GC="1.0">
								</Glyph>
								<Glyph ID="char_244" 
								       CONTENT="i"
								       HPOS="1013"
								       VPOS="796"
								       WIDTH="0"
								       HEIGHT="31"
								       GC="0.9999">
								</Glyph>
								<Glyph ID="char_245" 
								       CONTENT="o"
								       HPOS="1024"
								       VPOS="796"
								       WIDTH="4"
								       HEIGHT="31"
								       GC="1.0">
								</Glyph>
							</String>
							<SP ID="segment_65"
							    HPOS="1035" 
							    VPOS="796"
							    WIDTH="4" 
							    HEIGHT="31"/>
							<String ID="segment_66"
								CONTENT="an" 
								HPOS="1050" 
								VPOS="796"
								WIDTH="15" 
								HEIGHT="31" 
								WC="1.0">
								<Glyph ID="char_247" 
								       CONTENT="a"
								       HPOS="1050"
								       VPOS="796"
								       WIDTH="0"
								       HEIGHT="31"
								       GC="1.0">
								</Glyph>
								<Glyph ID="char_248" 
								       CONTENT="n"
								       HPOS="1061"
								       VPOS="796"
								       WIDTH="4"
								       HEIGHT="31"
								       GC="1.0">
								</Glyph>
							</String>
							<SP ID="segment_67"
							    HPOS="1076" 
							    VPOS="796"
							    WIDTH="3" 
							    HEIGHT="31"/>
							<String ID="segment_68"
								CONTENT="Bullinger," 
								HPOS="1094" 
								VPOS="796"
								WIDTH="117" 
								HEIGHT="31" 
								WC="0.9809">
								<Glyph ID="char_250" 
								       CONTENT="B"
								       HPOS="1094"
								       VPOS="796"
								       WIDTH="4"
								       HEIGHT="31"
								       GC="1.0">
								</Glyph>
								<Glyph ID="char_251" 
								       CONTENT="u"
								       HPOS="1109"
								       VPOS="796"
								       WIDTH="3"
								       HEIGHT="31"
								       GC="1.0">
								</Glyph>
								<Glyph ID="char_252" 
								       CONTENT="l"
								       HPOS="1123"
								       VPOS="796"
								       WIDTH="0"
								       HEIGHT="31"
								       GC="1.0">
								</Glyph>
								<Glyph ID="char_253" 
								       CONTENT="l"
								       HPOS="1134"
								       VPOS="796"
								       WIDTH="0"
								       HEIGHT="31"
								       GC="1.0">
								</Glyph>
								<Glyph ID="char_254" 
								       CONTENT="i"
								       HPOS="1142"
								       VPOS="796"
								       WIDTH="3"
								       HEIGHT="31"
								       GC="1.0">
								</Glyph>
								<Glyph ID="char_255" 
								       CONTENT="n"
								       HPOS="1153"
								       VPOS="796"
								       WIDTH="3"
								       HEIGHT="31"
								       GC="1.0">
								</Glyph>
								<Glyph ID="char_256" 
								       CONTENT="g"
								       HPOS="1175"
								       VPOS="796"
								       WIDTH="0"
								       HEIGHT="31"
								       GC="1.0">
								</Glyph>
								<Glyph ID="char_257" 
								       CONTENT="e"
								       HPOS="1189"
								       VPOS="796"
								       WIDTH="0"
								       HEIGHT="31"
								       GC="0.809">
								</Glyph>
								<Glyph ID="char_258" 
								       CONTENT="r"
								       HPOS="1200"
								       VPOS="796"
								       WIDTH="4"
								       HEIGHT="31"
								       GC="1.0">
								</Glyph>
								<Glyph ID="char_259" 
								       CONTENT=","
								       HPOS="1211"
								       VPOS="796"
								       WIDTH="0"
								       HEIGHT="31"
								       GC="1.0">
								</Glyph>
							</String>
							<SP ID="segment_69"
							    HPOS="1215" 
							    VPOS="796"
							    WIDTH="8" 
							    HEIGHT="31"/>
							<String ID="segment_70"
								CONTENT="15." 
								HPOS="1234" 
								VPOS="796"
								WIDTH="29" 
								HEIGHT="31" 
								WC="0.9976">
								<Glyph ID="char_261" 
								       CONTENT="1"
								       HPOS="1234"
								       VPOS="796"
								       WIDTH="0"
								       HEIGHT="31"
								       GC="0.9998">
								</Glyph>
								<Glyph ID="char_262" 
								       CONTENT="5"
								       HPOS="1252"
								       VPOS="796"
								       WIDTH="0"
								       HEIGHT="31"
								       GC="1.0">
								</Glyph>
								<Glyph ID="char_263" 
								       CONTENT="."
								       HPOS="1263"
								       VPOS="796"
								       WIDTH="0"
								       HEIGHT="31"
								       GC="0.9929">
								</Glyph>
							</String>
							<SP ID="segment_71"
							    HPOS="1267" 
							    VPOS="796"
							    WIDTH="3" 
							    HEIGHT="31"/>
							<String ID="segment_72"
								CONTENT="November" 
								HPOS="1281" 
								VPOS="796"
								WIDTH="136" 
								HEIGHT="31" 
								WC="0.9982">
								<Glyph ID="char_265" 
								       CONTENT="N"
								       HPOS="1281"
								       VPOS="796"
								       WIDTH="4"
								       HEIGHT="31"
								       GC="1.0">
								</Glyph>
								<Glyph ID="char_266" 
								       CONTENT="o"
								       HPOS="1307"
								       VPOS="796"
								       WIDTH="0"
								       HEIGHT="31"
								       GC="0.9999">
								</Glyph>
								<Glyph ID="char_267" 
								       CONTENT="v"
								       HPOS="1318"
								       VPOS="796"
								       WIDTH="4"
								       HEIGHT="31"
								       GC="0.9997">
								</Glyph>
								<Glyph ID="char_268" 
								       CONTENT="e"
								       HPOS="1340"
								       VPOS="796"
								       WIDTH="0"
								       HEIGHT="31"
								       GC="0.9901">
								</Glyph>
								<Glyph ID="char_269" 
								       CONTENT="m"
								       HPOS="1355"
								       VPOS="796"
								       WIDTH="0"
								       HEIGHT="31"
								       GC="0.999">
								</Glyph>
								<Glyph ID="char_270" 
								       CONTENT="b"
								       HPOS="1377"
								       VPOS="796"
								       WIDTH="3"
								       HEIGHT="31"
								       GC="0.9997">
								</Glyph>
								<Glyph ID="char_271" 
								       CONTENT="e"
								       HPOS="1399"
								       VPOS="796"
								       WIDTH="3"
								       HEIGHT="31"
								       GC="0.9999">
								</Glyph>
								<Glyph ID="char_272" 
								       CONTENT="r"
								       HPOS="1413"
								       VPOS="796"
								       WIDTH="4"
								       HEIGHT="31"
								       GC="0.997">
								</Glyph>
							</String>
							<SP ID="segment_73"
							    HPOS="1424" 
							    VPOS="796"
							    WIDTH="4" 
							    HEIGHT="31"/>
							<String ID="segment_74"
								CONTENT="1552," 
								HPOS="1439" 
								VPOS="796"
								WIDTH="62" 
								HEIGHT="31" 
								WC="0.9943">
								<Glyph ID="char_274" 
								       CONTENT="1"
								       HPOS="1439"
								       VPOS="796"
								       WIDTH="0"
								       HEIGHT="31"
								       GC="1.0">
								</Glyph>
								<Glyph ID="char_275" 
								       CONTENT="5"
								       HPOS="1454"
								       VPOS="796"
								       WIDTH="3"
								       HEIGHT="31"
								       GC="1.0">
								</Glyph>
								<Glyph ID="char_276" 
								       CONTENT="5"
								       HPOS="1472"
								       VPOS="796"
								       WIDTH="0"
								       HEIGHT="31"
								       GC="1.0">
								</Glyph>
								<Glyph ID="char_277" 
								       CONTENT="2"
								       HPOS="1490"
								       VPOS="796"
								       WIDTH="0"
								       HEIGHT="31"
								       GC="0.9715">
								</Glyph>
								<Glyph ID="char_278" 
								       CONTENT=","
								       HPOS="1501"
								       VPOS="796"
								       WIDTH="0"
								       HEIGHT="31"
								       GC="1.0">
								</Glyph>
							</String>
							<SP ID="segment_75"
							    HPOS="1505" 
							    VPOS="796"
							    WIDTH="4" 
							    HEIGHT="31"/>
							<String ID="segment_76"
								CONTENT="auf" 
								HPOS="1520" 
								VPOS="796"
								WIDTH="33" 
								HEIGHT="31" 
								WC="1.0">
								<Glyph ID="char_280" 
								       CONTENT="a"
								       HPOS="1520"
								       VPOS="796"
								       WIDTH="3"
								       HEIGHT="31"
								       GC="1.0">
								</Glyph>
								<Glyph ID="char_281" 
								       CONTENT="u"
								       HPOS="1534"
								       VPOS="796"
								       WIDTH="4"
								       HEIGHT="31"
								       GC="1.0">
								</Glyph>
								<Glyph ID="char_282" 
								       CONTENT="f"
								       HPOS="1549"
								       VPOS="796"
								       WIDTH="4"
								       HEIGHT="31"
								       GC="0.9999">
								</Glyph>
							</String>
							<SP ID="segment_77"
							    HPOS="1560" 
							    VPOS="796"
							    WIDTH="0" 
							    HEIGHT="31"/>
							<String ID="segment_78"
								CONTENT="S." 
								HPOS="1575" 
								VPOS="796"
								WIDTH="11" 
								HEIGHT="31" 
								WC="0.9998">
								<Glyph ID="char_284" 
								       CONTENT="S"
								       HPOS="1575"
								       VPOS="796"
								       WIDTH="0"
								       HEIGHT="31"
								       GC="1.0">
								</Glyph>
								<Glyph ID="char_285" 
								       CONTENT="."
								       HPOS="1586"
								       VPOS="796"
								       WIDTH="0"
								       HEIGHT="31"
								       GC="0.9997">
								</Glyph>
							</String>
							<SP ID="segment_79"
							    HPOS="1589" 
							    VPOS="796"
							    WIDTH="8" 
							    HEIGHT="31"/>
							<String ID="segment_80"
								CONTENT="55-57." 
								HPOS="1608" 
								VPOS="796"
								WIDTH="69" 
								HEIGHT="31" 
								WC="0.9999">
								<Glyph ID="char_287" 
								       CONTENT="5"
								       HPOS="1608"
								       VPOS="796"
								       WIDTH="0"
								       HEIGHT="31"
								       GC="0.9999">
								</Glyph>
								<Glyph ID="char_288" 
								       CONTENT="5"
								       HPOS="1622"
								       VPOS="796"
								       WIDTH="4"
								       HEIGHT="31"
								       GC="0.9999">
								</Glyph>
								<Glyph ID="char_289" 
								       CONTENT="-"
								       HPOS="1637"
								       VPOS="796"
								       WIDTH="0"
								       HEIGHT="31"
								       GC="1.0">
								</Glyph>
								<Glyph ID="char_290" 
								       CONTENT="5"
								       HPOS="1652"
								       VPOS="796"
								       WIDTH="0"
								       HEIGHT="31"
								       GC="1.0">
								</Glyph>
								<Glyph ID="char_291" 
								       CONTENT="7"
								       HPOS="1666"
								       VPOS="796"
								       WIDTH="4"
								       HEIGHT="31"
								       GC="1.0">
								</Glyph>
								<Glyph ID="char_292" 
								       CONTENT="."
								       HPOS="1677"
								       VPOS="796"
								       WIDTH="0"
								       HEIGHT="31"
								       GC="0.9997">
								</Glyph>
							</String>
					</TextLine>
					<TextLine ID="line_5"
						  HPOS="757"
						  VPOS="834" 
						  WIDTH="1048" 
						  HEIGHT="32">
							<String ID="segment_81"
								CONTENT="-Johannes" 
								HPOS="757" 
								VPOS="834"
								WIDTH="132" 
								HEIGHT="32" 
								WC="0.9995">
								<Glyph ID="char_293" 
								       CONTENT="-"
								       HPOS="757"
								       VPOS="834"
								       WIDTH="0"
								       HEIGHT="32"
								       GC="1.0">
								</Glyph>
								<Glyph ID="char_294" 
								       CONTENT="J"
								       HPOS="779"
								       VPOS="834"
								       WIDTH="0"
								       HEIGHT="32"
								       GC="1.0">
								</Glyph>
								<Glyph ID="char_295" 
								       CONTENT="o"
								       HPOS="793"
								       VPOS="834"
								       WIDTH="0"
								       HEIGHT="32"
								       GC="0.9996">
								</Glyph>
								<Glyph ID="char_296" 
								       CONTENT="h"
								       HPOS="804"
								       VPOS="834"
								       WIDTH="0"
								       HEIGHT="32"
								       GC="1.0">
								</Glyph>
								<Glyph ID="char_297" 
								       CONTENT="a"
								       HPOS="823"
								       VPOS="834"
								       WIDTH="3"
								       HEIGHT="32"
								       GC="1.0">
								</Glyph>
								<Glyph ID="char_298" 
								       CONTENT="n"
								       HPOS="837"
								       VPOS="834"
								       WIDTH="0"
								       HEIGHT="32"
								       GC="1.0">
								</Glyph>
								<Glyph ID="char_299" 
								       CONTENT="n"
								       HPOS="856"
								       VPOS="834"
								       WIDTH="0"
								       HEIGHT="32"
								       GC="1.0">
								</Glyph>
								<Glyph ID="char_300" 
								       CONTENT="e"
								       HPOS="874"
								       VPOS="834"
								       WIDTH="0"
								       HEIGHT="32"
								       GC="0.9958">
								</Glyph>
								<Glyph ID="char_301" 
								       CONTENT="s"
								       HPOS="885"
								       VPOS="834"
								       WIDTH="4"
								       HEIGHT="32"
								       GC="1.0">
								</Glyph>
							</String>
							<SP ID="segment_82"
							    HPOS="892" 
							    VPOS="834"
							    WIDTH="8" 
							    HEIGHT="32"/>
							<String ID="segment_83"
								CONTENT="Comander" 
								HPOS="914" 
								VPOS="834"
								WIDTH="121" 
								HEIGHT="32" 
								WC="0.9505">
								<Glyph ID="char_303" 
								       CONTENT="C"
								       HPOS="914"
								       VPOS="834"
								       WIDTH="4"
								       HEIGHT="32"
								       GC="1.0">
								</Glyph>
								<Glyph ID="char_304" 
								       CONTENT="o"
								       HPOS="933"
								       VPOS="834"
								       WIDTH="0"
								       HEIGHT="32"
								       GC="1.0">
								</Glyph>
								<Glyph ID="char_305" 
								       CONTENT="m"
								       HPOS="947"
								       VPOS="834"
								       WIDTH="0"
								       HEIGHT="32"
								       GC="1.0">
								</Glyph>
								<Glyph ID="char_306" 
								       CONTENT="a"
								       HPOS="973"
								       VPOS="834"
								       WIDTH="0"
								       HEIGHT="32"
								       GC="0.6044">
								</Glyph>
								<Glyph ID="char_307" 
								       CONTENT="n"
								       HPOS="988"
								       VPOS="834"
								       WIDTH="0"
								       HEIGHT="32"
								       GC="1.0">
								</Glyph>
								<Glyph ID="char_308" 
								       CONTENT="d"
								       HPOS="1010"
								       VPOS="834"
								       WIDTH="0"
								       HEIGHT="32"
								       GC="1.0">
								</Glyph>
								<Glyph ID="char_309" 
								       CONTENT="e"
								       HPOS="1021"
								       VPOS="834"
								       WIDTH="3"
								       HEIGHT="32"
								       GC="1.0">
								</Glyph>
								<Glyph ID="char_310" 
								       CONTENT="r"
								       HPOS="1035"
								       VPOS="834"
								       WIDTH="0"
								       HEIGHT="32"
								       GC="1.0">
								</Glyph>
							</String>
							<SP ID="segment_84"
							    HPOS="1043" 
							    VPOS="834"
							    WIDTH="3" 
							    HEIGHT="32"/>
							<String ID="segment_85"
								CONTENT="und" 
								HPOS="1057" 
								VPOS="834"
								WIDTH="41" 
								HEIGHT="32" 
								WC="1.0">
								<Glyph ID="char_312" 
								       CONTENT="u"
								       HPOS="1057"
								       VPOS="834"
								       WIDTH="0"
								       HEIGHT="32"
								       GC="1.0">
								</Glyph>
								<Glyph ID="char_313" 
								       CONTENT="n"
								       HPOS="1072"
								       VPOS="834"
								       WIDTH="0"
								       HEIGHT="32"
								       GC="1.0">
								</Glyph>
								<Glyph ID="char_314" 
								       CONTENT="d"
								       HPOS="1094"
								       VPOS="834"
								       WIDTH="4"
								       HEIGHT="32"
								       GC="1.0">
								</Glyph>
							</String>
							<SP ID="segment_86"
							    HPOS="1101" 
							    VPOS="834"
							    WIDTH="4" 
							    HEIGHT="32"/>
							<String ID="segment_87"
								CONTENT="Philipp" 
								HPOS="1120" 
								VPOS="834"
								WIDTH="73" 
								HEIGHT="32" 
								WC="0.9949">
								<Glyph ID="char_316" 
								       CONTENT="P"
								       HPOS="1120"
								       VPOS="834"
								       WIDTH="0"
								       HEIGHT="32"
								       GC="0.9645">
								</Glyph>
								<Glyph ID="char_317" 
								       CONTENT="h"
								       HPOS="1131"
								       VPOS="834"
								       WIDTH="3"
								       HEIGHT="32"
								       GC="1.0">
								</Glyph>
								<Glyph ID="char_318" 
								       CONTENT="i"
								       HPOS="1149"
								       VPOS="834"
								       WIDTH="0"
								       HEIGHT="32"
								       GC="1.0">
								</Glyph>
								<Glyph ID="char_319" 
								       CONTENT="l"
								       HPOS="1156"
								       VPOS="834"
								       WIDTH="4"
								       HEIGHT="32"
								       GC="1.0">
								</Glyph>
								<Glyph ID="char_320" 
								       CONTENT="i"
								       HPOS="1167"
								       VPOS="834"
								       WIDTH="0"
								       HEIGHT="32"
								       GC="1.0">
								</Glyph>
								<Glyph ID="char_321" 
								       CONTENT="p"
								       HPOS="1175"
								       VPOS="834"
								       WIDTH="3"
								       HEIGHT="32"
								       GC="1.0">
								</Glyph>
								<Glyph ID="char_322" 
								       CONTENT="p"
								       HPOS="1193"
								       VPOS="834"
								       WIDTH="0"
								       HEIGHT="32"
								       GC="1.0">
								</Glyph>
							</String>
							<SP ID="segment_88"
							    HPOS="1208" 
							    VPOS="834"
							    WIDTH="3" 
							    HEIGHT="32"/>
							<String ID="segment_89"
								CONTENT="Gallicius" 
								HPOS="1230" 
								VPOS="834"
								WIDTH="99" 
								HEIGHT="32" 
								WC="0.9826">
								<Glyph ID="char_324" 
								       CONTENT="G"
								       HPOS="1230"
								       VPOS="834"
								       WIDTH="3"
								       HEIGHT="32"
								       GC="0.8432">
								</Glyph>
								<Glyph ID="char_325" 
								       CONTENT="a"
								       HPOS="1244"
								       VPOS="834"
								       WIDTH="4"
								       HEIGHT="32"
								       GC="1.0">
								</Glyph>
								<Glyph ID="char_326" 
								       CONTENT="l"
								       HPOS="1259"
								       VPOS="834"
								       WIDTH="0"
								       HEIGHT="32"
								       GC="1.0">
								</Glyph>
								<Glyph ID="char_327" 
								       CONTENT="l"
								       HPOS="1266"
								       VPOS="834"
								       WIDTH="0"
								       HEIGHT="32"
								       GC="1.0">
								</Glyph>
								<Glyph ID="char_328" 
								       CONTENT="i"
								       HPOS="1277"
								       VPOS="834"
								       WIDTH="0"
								       HEIGHT="32"
								       GC="1.0">
								</Glyph>
								<Glyph ID="char_329" 
								       CONTENT="c"
								       HPOS="1288"
								       VPOS="834"
								       WIDTH="4"
								       HEIGHT="32"
								       GC="1.0">
								</Glyph>
								<Glyph ID="char_330" 
								       CONTENT="i"
								       HPOS="1299"
								       VPOS="834"
								       WIDTH="4"
								       HEIGHT="32"
								       GC="1.0">
								</Glyph>
								<Glyph ID="char_331" 
								       CONTENT="u"
								       HPOS="1310"
								       VPOS="834"
								       WIDTH="4"
								       HEIGHT="32"
								       GC="1.0">
								</Glyph>
								<Glyph ID="char_332" 
								       CONTENT="s"
								       HPOS="1329"
								       VPOS="834"
								       WIDTH="0"
								       HEIGHT="32"
								       GC="1.0">
								</Glyph>
							</String>
							<SP ID="segment_90"
							    HPOS="1336" 
							    VPOS="834"
							    WIDTH="7" 
							    HEIGHT="32"/>
							<String ID="segment_91"
								CONTENT="an" 
								HPOS="1351" 
								VPOS="834"
								WIDTH="18" 
								HEIGHT="32" 
								WC="1.0">
								<Glyph ID="char_334" 
								       CONTENT="a"
								       HPOS="1351"
								       VPOS="834"
								       WIDTH="3"
								       HEIGHT="32"
								       GC="1.0">
								</Glyph>
								<Glyph ID="char_335" 
								       CONTENT="n"
								       HPOS="1365"
								       VPOS="834"
								       WIDTH="4"
								       HEIGHT="32"
								       GC="1.0">
								</Glyph>
							</String>
							<SP ID="segment_92"
							    HPOS="1380" 
							    VPOS="834"
							    WIDTH="4" 
							    HEIGHT="32"/>
							<String ID="segment_93"
								CONTENT="Bullinger," 
								HPOS="1398" 
								VPOS="834"
								WIDTH="118" 
								HEIGHT="32" 
								WC="0.9991">
								<Glyph ID="char_337" 
								       CONTENT="B"
								       HPOS="1398"
								       VPOS="834"
								       WIDTH="4"
								       HEIGHT="32"
								       GC="1.0">
								</Glyph>
								<Glyph ID="char_338" 
								       CONTENT="u"
								       HPOS="1413"
								       VPOS="834"
								       WIDTH="4"
								       HEIGHT="32"
								       GC="0.9998">
								</Glyph>
								<Glyph ID="char_339" 
								       CONTENT="l"
								       HPOS="1428"
								       VPOS="834"
								       WIDTH="3"
								       HEIGHT="32"
								       GC="1.0">
								</Glyph>
								<Glyph ID="char_340" 
								       CONTENT="l"
								       HPOS="1439"
								       VPOS="834"
								       WIDTH="0"
								       HEIGHT="32"
								       GC="1.0">
								</Glyph>
								<Glyph ID="char_341" 
								       CONTENT="i"
								       HPOS="1446"
								       VPOS="834"
								       WIDTH="4"
								       HEIGHT="32"
								       GC="0.9998">
								</Glyph>
								<Glyph ID="char_342" 
								       CONTENT="n"
								       HPOS="1457"
								       VPOS="834"
								       WIDTH="4"
								       HEIGHT="32"
								       GC="0.9998">
								</Glyph>
								<Glyph ID="char_343" 
								       CONTENT="g"
								       HPOS="1479"
								       VPOS="834"
								       WIDTH="4"
								       HEIGHT="32"
								       GC="0.9936">
								</Glyph>
								<Glyph ID="char_344" 
								       CONTENT="e"
								       HPOS="1494"
								       VPOS="834"
								       WIDTH="0"
								       HEIGHT="32"
								       GC="0.9991">
								</Glyph>
								<Glyph ID="char_345" 
								       CONTENT="r"
								       HPOS="1505"
								       VPOS="834"
								       WIDTH="3"
								       HEIGHT="32"
								       GC="1.0">
								</Glyph>
								<Glyph ID="char_346" 
								       CONTENT=","
								       HPOS="1516"
								       VPOS="834"
								       WIDTH="0"
								       HEIGHT="32"
								       GC="0.999">
								</Glyph>
							</String>
							<SP ID="segment_94"
							    HPOS="1519" 
							    VPOS="834"
							    WIDTH="8" 
							    HEIGHT="32"/>
							<String ID="segment_95"
								CONTENT="I2." 
								HPOS="1538" 
								VPOS="834"
								WIDTH="29" 
								HEIGHT="32" 
								WC="0.9973">
								<Glyph ID="char_348" 
								       CONTENT="I"
								       HPOS="1538"
								       VPOS="834"
								       WIDTH="3"
								       HEIGHT="32"
								       GC="0.9999">
								</Glyph>
								<Glyph ID="char_349" 
								       CONTENT="2"
								       HPOS="1552"
								       VPOS="834"
								       WIDTH="4"
								       HEIGHT="32"
								       GC="0.9998">
								</Glyph>
								<Glyph ID="char_350" 
								       CONTENT="."
								       HPOS="1567"
								       VPOS="834"
								       WIDTH="0"
								       HEIGHT="32"
								       GC="0.9923">
								</Glyph>
							</String>
							<SP ID="segment_96"
							    HPOS="1574" 
							    VPOS="834"
							    WIDTH="4" 
							    HEIGHT="32"/>
							<String ID="segment_97"
								CONTENT="Dezember" 
								HPOS="1593" 
								VPOS="834"
								WIDTH="128" 
								HEIGHT="32" 
								WC="1.0">
								<Glyph ID="char_352" 
								       CONTENT="D"
								       HPOS="1593"
								       VPOS="834"
								       WIDTH="3"
								       HEIGHT="32"
								       GC="1.0">
								</Glyph>
								<Glyph ID="char_353" 
								       CONTENT="e"
								       HPOS="1615"
								       VPOS="834"
								       WIDTH="0"
								       HEIGHT="32"
								       GC="1.0">
								</Glyph>
								<Glyph ID="char_354" 
								       CONTENT="z"
								       HPOS="1626"
								       VPOS="834"
								       WIDTH="3"
								       HEIGHT="32"
								       GC="1.0">
								</Glyph>
								<Glyph ID="char_355" 
								       CONTENT="e"
								       HPOS="1644"
								       VPOS="834"
								       WIDTH="0"
								       HEIGHT="32"
								       GC="1.0">
								</Glyph>
								<Glyph ID="char_356" 
								       CONTENT="m"
								       HPOS="1659"
								       VPOS="834"
								       WIDTH="0"
								       HEIGHT="32"
								       GC="0.9999">
								</Glyph>
								<Glyph ID="char_357" 
								       CONTENT="b"
								       HPOS="1681"
								       VPOS="834"
								       WIDTH="3"
								       HEIGHT="32"
								       GC="1.0">
								</Glyph>
								<Glyph ID="char_358" 
								       CONTENT="e"
								       HPOS="1703"
								       VPOS="834"
								       WIDTH="3"
								       HEIGHT="32"
								       GC="0.9999">
								</Glyph>
								<Glyph ID="char_359" 
								       CONTENT="r"
								       HPOS="1717"
								       VPOS="834"
								       WIDTH="4"
								       HEIGHT="32"
								       GC="0.9999">
								</Glyph>
							</String>
							<SP ID="segment_98"
							    HPOS="1725" 
							    VPOS="834"
							    WIDTH="7" 
							    HEIGHT="32"/>
							<String ID="segment_99"
								CONTENT="1552," 
								HPOS="1743" 
								VPOS="834"
								WIDTH="62" 
								HEIGHT="32" 
								WC="0.9999">
								<Glyph ID="char_361" 
								       CONTENT="1"
								       HPOS="1743"
								       VPOS="834"
								       WIDTH="4"
								       HEIGHT="32"
								       GC="0.9996">
								</Glyph>
								<Glyph ID="char_362" 
								       CONTENT="5"
								       HPOS="1761"
								       VPOS="834"
								       WIDTH="0"
								       HEIGHT="32"
								       GC="1.0">
								</Glyph>
								<Glyph ID="char_363" 
								       CONTENT="5"
								       HPOS="1776"
								       VPOS="834"
								       WIDTH="4"
								       HEIGHT="32"
								       GC="1.0">
								</Glyph>
								<Glyph ID="char_364" 
								       CONTENT="2"
								       HPOS="1794"
								       VPOS="834"
								       WIDTH="0"
								       HEIGHT="32"
								       GC="1.0">
								</Glyph>
								<Glyph ID="char_365" 
								       CONTENT=","
								       HPOS="1805"
								       VPOS="834"
								       WIDTH="0"
								       HEIGHT="32"
								       GC="1.0">
								</Glyph>
							</String>
					</TextLine>
					<TextLine ID="line_6"
						  HPOS="816"
						  VPOS="873" 
						  WIDTH="163" 
						  HEIGHT="26">
							<String ID="segment_100"
								CONTENT="auf" 
								HPOS="816" 
								VPOS="873"
								WIDTH="37" 
								HEIGHT="26" 
								WC="1.0">
								<Glyph ID="char_366" 
								       CONTENT="a"
								       HPOS="816"
								       VPOS="873"
								       WIDTH="4"
								       HEIGHT="26"
								       GC="1.0">
								</Glyph>
								<Glyph ID="char_367" 
								       CONTENT="u"
								       HPOS="833"
								       VPOS="873"
								       WIDTH="4"
								       HEIGHT="26"
								       GC="1.0">
								</Glyph>
								<Glyph ID="char_368" 
								       CONTENT="f"
								       HPOS="849"
								       VPOS="873"
								       WIDTH="4"
								       HEIGHT="26"
								       GC="1.0">
								</Glyph>
							</String>
							<SP ID="segment_101"
							    HPOS="857" 
							    VPOS="873"
							    WIDTH="0" 
							    HEIGHT="26"/>
							<String ID="segment_102"
								CONTENT="S." 
								HPOS="873" 
								VPOS="873"
								WIDTH="12" 
								HEIGHT="26" 
								WC="0.9999">
								<Glyph ID="char_370" 
								       CONTENT="S"
								       HPOS="873"
								       VPOS="873"
								       WIDTH="0"
								       HEIGHT="26"
								       GC="1.0">
								</Glyph>
								<Glyph ID="char_371" 
								       CONTENT="."
								       HPOS="885"
								       VPOS="873"
								       WIDTH="0"
								       HEIGHT="26"
								       GC="0.9998">
								</Glyph>
							</String>
							<SP ID="segment_103"
							    HPOS="889" 
							    VPOS="873"
							    WIDTH="4" 
							    HEIGHT="26"/>
							<String ID="segment_104"
								CONTENT="57-59." 
								HPOS="906" 
								VPOS="873"
								WIDTH="73" 
								HEIGHT="26" 
								WC="0.9966">
								<Glyph ID="char_373" 
								       CONTENT="5"
								       HPOS="906"
								       VPOS="873"
								       WIDTH="0"
								       HEIGHT="26"
								       GC="0.9999">
								</Glyph>
								<Glyph ID="char_374" 
								       CONTENT="7"
								       HPOS="922"
								       VPOS="873"
								       WIDTH="4"
								       HEIGHT="26"
								       GC="0.9808">
								</Glyph>
								<Glyph ID="char_375" 
								       CONTENT="-"
								       HPOS="934"
								       VPOS="873"
								       WIDTH="4"
								       HEIGHT="26"
								       GC="0.9991">
								</Glyph>
								<Glyph ID="char_376" 
								       CONTENT="5"
								       HPOS="950"
								       VPOS="873"
								       WIDTH="0"
								       HEIGHT="26"
								       GC="1.0">
								</Glyph>
								<Glyph ID="char_377" 
								       CONTENT="9"
								       HPOS="967"
								       VPOS="873"
								       WIDTH="0"
								       HEIGHT="26"
								       GC="0.9996">
								</Glyph>
								<Glyph ID="char_378" 
								       CONTENT="."
								       HPOS="979"
								       VPOS="873"
								       WIDTH="0"
								       HEIGHT="26"
								       GC="1.0">
								</Glyph>
							</String>
					</TextLine>
					<TextLine ID="line_7"
						  HPOS="757"
						  VPOS="913" 
						  WIDTH="1052" 
						  HEIGHT="32">
							<String ID="segment_105"
								CONTENT="-" 
								HPOS="757" 
								VPOS="913"
								WIDTH="0" 
								HEIGHT="32" 
								WC="0.9993">
								<Glyph ID="char_379" 
								       CONTENT="-"
								       HPOS="757"
								       VPOS="913"
								       WIDTH="0"
								       HEIGHT="32"
								       GC="0.9993">
								</Glyph>
							</String>
							<SP ID="segment_106"
							    HPOS="768" 
							    VPOS="913"
							    WIDTH="0" 
							    HEIGHT="32"/>
							<String ID="segment_107"
								CONTENT="Johannes" 
								HPOS="779" 
								VPOS="913"
								WIDTH="110" 
								HEIGHT="32" 
								WC="1.0">
								<Glyph ID="char_381" 
								       CONTENT="J"
								       HPOS="779"
								       VPOS="913"
								       WIDTH="0"
								       HEIGHT="32"
								       GC="0.9999">
								</Glyph>
								<Glyph ID="char_382" 
								       CONTENT="o"
								       HPOS="793"
								       VPOS="913"
								       WIDTH="0"
								       HEIGHT="32"
								       GC="1.0">
								</Glyph>
								<Glyph ID="char_383" 
								       CONTENT="h"
								       HPOS="804"
								       VPOS="913"
								       WIDTH="0"
								       HEIGHT="32"
								       GC="1.0">
								</Glyph>
								<Glyph ID="char_384" 
								       CONTENT="a"
								       HPOS="823"
								       VPOS="913"
								       WIDTH="3"
								       HEIGHT="32"
								       GC="1.0">
								</Glyph>
								<Glyph ID="char_385" 
								       CONTENT="n"
								       HPOS="837"
								       VPOS="913"
								       WIDTH="4"
								       HEIGHT="32"
								       GC="1.0">
								</Glyph>
								<Glyph ID="char_386" 
								       CONTENT="n"
								       HPOS="856"
								       VPOS="913"
								       WIDTH="0"
								       HEIGHT="32"
								       GC="1.0">
								</Glyph>
								<Glyph ID="char_387" 
								       CONTENT="e"
								       HPOS="874"
								       VPOS="913"
								       WIDTH="0"
								       HEIGHT="32"
								       GC="1.0">
								</Glyph>
								<Glyph ID="char_388" 
								       CONTENT="s"
								       HPOS="885"
								       VPOS="913"
								       WIDTH="4"
								       HEIGHT="32"
								       GC="1.0">
								</Glyph>
							</String>
							<SP ID="segment_108"
							    HPOS="896" 
							    VPOS="913"
							    WIDTH="7" 
							    HEIGHT="32"/>
							<String ID="segment_109"
								CONTENT="Comander" 
								HPOS="918" 
								VPOS="913"
								WIDTH="121" 
								HEIGHT="32" 
								WC="1.0">
								<Glyph ID="char_390" 
								       CONTENT="C"
								       HPOS="918"
								       VPOS="913"
								       WIDTH="4"
								       HEIGHT="32"
								       GC="1.0">
								</Glyph>
								<Glyph ID="char_391" 
								       CONTENT="o"
								       HPOS="936"
								       VPOS="913"
								       WIDTH="0"
								       HEIGHT="32"
								       GC="1.0">
								</Glyph>
								<Glyph ID="char_392" 
								       CONTENT="m"
								       HPOS="951"
								       VPOS="913"
								       WIDTH="0"
								       HEIGHT="32"
								       GC="1.0">
								</Glyph>
								<Glyph ID="char_393" 
								       CONTENT="a"
								       HPOS="977"
								       VPOS="913"
								       WIDTH="0"
								       HEIGHT="32"
								       GC="1.0">
								</Glyph>
								<Glyph ID="char_394" 
								       CONTENT="n"
								       HPOS="991"
								       VPOS="913"
								       WIDTH="0"
								       HEIGHT="32"
								       GC="0.9999">
								</Glyph>
								<Glyph ID="char_395" 
								       CONTENT="d"
								       HPOS="1013"
								       VPOS="913"
								       WIDTH="0"
								       HEIGHT="32"
								       GC="1.0">
								</Glyph>
								<Glyph ID="char_396" 
								       CONTENT="e"
								       HPOS="1024"
								       VPOS="913"
								       WIDTH="4"
								       HEIGHT="32"
								       GC="1.0">
								</Glyph>
								<Glyph ID="char_397" 
								       CONTENT="r"
								       HPOS="1039"
								       VPOS="913"
								       WIDTH="0"
								       HEIGHT="32"
								       GC="1.0">
								</Glyph>
							</String>
							<SP ID="segment_110"
							    HPOS="1046" 
							    VPOS="913"
							    WIDTH="8" 
							    HEIGHT="32"/>
							<String ID="segment_111"
								CONTENT="und" 
								HPOS="1065" 
								VPOS="913"
								WIDTH="40" 
								HEIGHT="32" 
								WC="1.0">
								<Glyph ID="char_399" 
								       CONTENT="u"
								       HPOS="1065"
								       VPOS="913"
								       WIDTH="0"
								       HEIGHT="32"
								       GC="1.0">
								</Glyph>
								<Glyph ID="char_400" 
								       CONTENT="n"
								       HPOS="1079"
								       VPOS="913"
								       WIDTH="4"
								       HEIGHT="32"
								       GC="1.0">
								</Glyph>
								<Glyph ID="char_401" 
								       CONTENT="d"
								       HPOS="1101"
								       VPOS="913"
								       WIDTH="4"
								       HEIGHT="32"
								       GC="1.0">
								</Glyph>
							</String>
							<SP ID="segment_112"
							    HPOS="1109" 
							    VPOS="913"
							    WIDTH="7" 
							    HEIGHT="32"/>
							<String ID="segment_113"
								CONTENT="Philipp" 
								HPOS="1131" 
								VPOS="913"
								WIDTH="73" 
								HEIGHT="32" 
								WC="0.999">
								<Glyph ID="char_403" 
								       CONTENT="P"
								       HPOS="1131"
								       VPOS="913"
								       WIDTH="0"
								       HEIGHT="32"
								       GC="0.9967">
								</Glyph>
								<Glyph ID="char_404" 
								       CONTENT="h"
								       HPOS="1142"
								       VPOS="913"
								       WIDTH="3"
								       HEIGHT="32"
								       GC="1.0">
								</Glyph>
								<Glyph ID="char_405" 
								       CONTENT="i"
								       HPOS="1160"
								       VPOS="913"
								       WIDTH="0"
								       HEIGHT="32"
								       GC="1.0">
								</Glyph>
								<Glyph ID="char_406" 
								       CONTENT="l"
								       HPOS="1167"
								       VPOS="913"
								       WIDTH="4"
								       HEIGHT="32"
								       GC="1.0">
								</Glyph>
								<Glyph ID="char_407" 
								       CONTENT="i"
								       HPOS="1178"
								       VPOS="913"
								       WIDTH="0"
								       HEIGHT="32"
								       GC="1.0">
								</Glyph>
								<Glyph ID="char_408" 
								       CONTENT="p"
								       HPOS="1186"
								       VPOS="913"
								       WIDTH="3"
								       HEIGHT="32"
								       GC="1.0">
								</Glyph>
								<Glyph ID="char_409" 
								       CONTENT="p"
								       HPOS="1204"
								       VPOS="913"
								       WIDTH="0"
								       HEIGHT="32"
								       GC="0.9965">
								</Glyph>
							</String>
							<SP ID="segment_114"
							    HPOS="1219" 
							    VPOS="913"
							    WIDTH="7" 
							    HEIGHT="32"/>
							<String ID="segment_115"
								CONTENT="Gallicius" 
								HPOS="1244" 
								VPOS="913"
								WIDTH="100" 
								HEIGHT="32" 
								WC="0.9998">
								<Glyph ID="char_411" 
								       CONTENT="G"
								       HPOS="1244"
								       VPOS="913"
								       WIDTH="0"
								       HEIGHT="32"
								       GC="1.0">
								</Glyph>
								<Glyph ID="char_412" 
								       CONTENT="a"
								       HPOS="1259"
								       VPOS="913"
								       WIDTH="4"
								       HEIGHT="32"
								       GC="1.0">
								</Glyph>
								<Glyph ID="char_413" 
								       CONTENT="l"
								       HPOS="1274"
								       VPOS="913"
								       WIDTH="0"
								       HEIGHT="32"
								       GC="0.998">
								</Glyph>
								<Glyph ID="char_414" 
								       CONTENT="l"
								       HPOS="1281"
								       VPOS="913"
								       WIDTH="4"
								       HEIGHT="32"
								       GC="1.0">
								</Glyph>
								<Glyph ID="char_415" 
								       CONTENT="i"
								       HPOS="1292"
								       VPOS="913"
								       WIDTH="0"
								       HEIGHT="32"
								       GC="1.0">
								</Glyph>
								<Glyph ID="char_416" 
								       CONTENT="c"
								       HPOS="1303"
								       VPOS="913"
								       WIDTH="4"
								       HEIGHT="32"
								       GC="1.0">
								</Glyph>
								<Glyph ID="char_417" 
								       CONTENT="i"
								       HPOS="1314"
								       VPOS="913"
								       WIDTH="4"
								       HEIGHT="32"
								       GC="1.0">
								</Glyph>
								<Glyph ID="char_418" 
								       CONTENT="u"
								       HPOS="1325"
								       VPOS="913"
								       WIDTH="4"
								       HEIGHT="32"
								       GC="1.0">
								</Glyph>
								<Glyph ID="char_419" 
								       CONTENT="s"
								       HPOS="1344"
								       VPOS="913"
								       WIDTH="0"
								       HEIGHT="32"
								       GC="1.0">
								</Glyph>
							</String>
							<SP ID="segment_116"
							    HPOS="1351" 
							    VPOS="913"
							    WIDTH="7" 
							    HEIGHT="32"/>
							<String ID="segment_117"
								CONTENT="an" 
								HPOS="1369" 
								VPOS="913"
								WIDTH="15" 
								HEIGHT="32" 
								WC="1.0">
								<Glyph ID="char_421" 
								       CONTENT="a"
								       HPOS="1369"
								       VPOS="913"
								       WIDTH="4"
								       HEIGHT="32"
								       GC="1.0">
								</Glyph>
								<Glyph ID="char_422" 
								       CONTENT="n"
								       HPOS="1384"
								       VPOS="913"
								       WIDTH="0"
								       HEIGHT="32"
								       GC="0.9999">
								</Glyph>
							</String>
							<SP ID="segment_118"
							    HPOS="1395" 
							    VPOS="913"
							    WIDTH="11" 
							    HEIGHT="32"/>
							<String ID="segment_119"
								CONTENT="Bullinger," 
								HPOS="1421" 
								VPOS="913"
								WIDTH="117" 
								HEIGHT="32" 
								WC="0.9986">
								<Glyph ID="char_424" 
								       CONTENT="B"
								       HPOS="1421"
								       VPOS="913"
								       WIDTH="3"
								       HEIGHT="32"
								       GC="0.9951">
								</Glyph>
								<Glyph ID="char_425" 
								       CONTENT="u"
								       HPOS="1435"
								       VPOS="913"
								       WIDTH="4"
								       HEIGHT="32"
								       GC="0.9999">
								</Glyph>
								<Glyph ID="char_426" 
								       CONTENT="l"
								       HPOS="1450"
								       VPOS="913"
								       WIDTH="4"
								       HEIGHT="32"
								       GC="0.9995">
								</Glyph>
								<Glyph ID="char_427" 
								       CONTENT="l"
								       HPOS="1461"
								       VPOS="913"
								       WIDTH="0"
								       HEIGHT="32"
								       GC="0.9995">
								</Glyph>
								<Glyph ID="char_428" 
								       CONTENT="i"
								       HPOS="1468"
								       VPOS="913"
								       WIDTH="4"
								       HEIGHT="32"
								       GC="0.9996">
								</Glyph>
								<Glyph ID="char_429" 
								       CONTENT="n"
								       HPOS="1479"
								       VPOS="913"
								       WIDTH="4"
								       HEIGHT="32"
								       GC="0.9998">
								</Glyph>
								<Glyph ID="char_430" 
								       CONTENT="g"
								       HPOS="1501"
								       VPOS="913"
								       WIDTH="4"
								       HEIGHT="32"
								       GC="0.9929">
								</Glyph>
								<Glyph ID="char_431" 
								       CONTENT="e"
								       HPOS="1516"
								       VPOS="913"
								       WIDTH="0"
								       HEIGHT="32"
								       GC="0.9995">
								</Glyph>
								<Glyph ID="char_432" 
								       CONTENT="r"
								       HPOS="1527"
								       VPOS="913"
								       WIDTH="4"
								       HEIGHT="32"
								       GC="1.0">
								</Glyph>
								<Glyph ID="char_433" 
								       CONTENT=","
								       HPOS="1538"
								       VPOS="913"
								       WIDTH="0"
								       HEIGHT="32"
								       GC="0.9998">
								</Glyph>
							</String>
							<SP ID="segment_120"
							    HPOS="1542" 
							    VPOS="913"
							    WIDTH="7" 
							    HEIGHT="32"/>
							<String ID="segment_121"
								CONTENT="6." 
								HPOS="1564" 
								VPOS="913"
								WIDTH="11" 
								HEIGHT="32" 
								WC="1.0">
								<Glyph ID="char_435" 
								       CONTENT="6"
								       HPOS="1564"
								       VPOS="913"
								       WIDTH="3"
								       HEIGHT="32"
								       GC="1.0">
								</Glyph>
								<Glyph ID="char_436" 
								       CONTENT="."
								       HPOS="1575"
								       VPOS="913"
								       WIDTH="0"
								       HEIGHT="32"
								       GC="1.0">
								</Glyph>
							</String>
							<SP ID="segment_122"
							    HPOS="1582" 
							    VPOS="913"
							    WIDTH="4" 
							    HEIGHT="32"/>
							<String ID="segment_123"
								CONTENT="Mirz" 
								HPOS="1597" 
								VPOS="913"
								WIDTH="66" 
								HEIGHT="32" 
								WC="1.0">
								<Glyph ID="char_438" 
								       CONTENT="M"
								       HPOS="1597"
								       VPOS="913"
								       WIDTH="3"
								       HEIGHT="32"
								       GC="1.0">
								</Glyph>
								<Glyph ID="char_439" 
								       CONTENT="i"
								       HPOS="1626"
								       VPOS="913"
								       WIDTH="0"
								       HEIGHT="32"
								       GC="1.0">
								</Glyph>
								<Glyph ID="char_440" 
								       CONTENT="r"
								       HPOS="1644"
								       VPOS="913"
								       WIDTH="4"
								       HEIGHT="32"
								       GC="1.0">
								</Glyph>
								<Glyph ID="char_441" 
								       CONTENT="z"
								       HPOS="1659"
								       VPOS="913"
								       WIDTH="4"
								       HEIGHT="32"
								       GC="1.0">
								</Glyph>
							</String>
							<SP ID="segment_124"
							    HPOS="1670" 
							    VPOS="913"
							    WIDTH="7" 
							    HEIGHT="32"/>
							<String ID="segment_125"
								CONTENT="1553," 
								HPOS="1688" 
								VPOS="913"
								WIDTH="63" 
								HEIGHT="32" 
								WC="1.0">
								<Glyph ID="char_443" 
								       CONTENT="1"
								       HPOS="1688"
								       VPOS="913"
								       WIDTH="0"
								       HEIGHT="32"
								       GC="1.0">
								</Glyph>
								<Glyph ID="char_444" 
								       CONTENT="5"
								       HPOS="1707"
								       VPOS="913"
								       WIDTH="0"
								       HEIGHT="32"
								       GC="1.0">
								</Glyph>
								<Glyph ID="char_445" 
								       CONTENT="5"
								       HPOS="1721"
								       VPOS="913"
								       WIDTH="0"
								       HEIGHT="32"
								       GC="1.0">
								</Glyph>
								<Glyph ID="char_446" 
								       CONTENT="3"
								       HPOS="1736"
								       VPOS="913"
								       WIDTH="4"
								       HEIGHT="32"
								       GC="1.0">
								</Glyph>
								<Glyph ID="char_447" 
								       CONTENT=","
								       HPOS="1751"
								       VPOS="913"
								       WIDTH="0"
								       HEIGHT="32"
								       GC="1.0">
								</Glyph>
							</String>
							<SP ID="segment_126"
							    HPOS="1758" 
							    VPOS="913"
							    WIDTH="4" 
							    HEIGHT="32"/>
							<String ID="segment_127"
								CONTENT="auf" 
								HPOS="1773" 
								VPOS="913"
								WIDTH="36" 
								HEIGHT="32" 
								WC="1.0">
								<Glyph ID="char_449" 
								       CONTENT="a"
								       HPOS="1773"
								       VPOS="913"
								       WIDTH="3"
								       HEIGHT="32"
								       GC="1.0">
								</Glyph>
								<Glyph ID="char_450" 
								       CONTENT="u"
								       HPOS="1787"
								       VPOS="913"
								       WIDTH="4"
								       HEIGHT="32"
								       GC="1.0">
								</Glyph>
								<Glyph ID="char_451" 
								       CONTENT="f"
								       HPOS="1806"
								       VPOS="913"
								       WIDTH="3"
								       HEIGHT="32"
								       GC="1.0">
								</Glyph>
							</String>
					</TextLine>
					<TextLine ID="line_8"
						  HPOS="821"
						  VPOS="952" 
						  WIDTH="104" 
						  HEIGHT="24">
							<String ID="segment_128"
								CONTENT="S." 
								HPOS="821" 
								VPOS="952"
								WIDTH="12" 
								HEIGHT="24" 
								WC="1.0">
								<Glyph ID="char_452" 
								       CONTENT="S"
								       HPOS="821"
								       VPOS="952"
								       WIDTH="0"
								       HEIGHT="24"
								       GC="1.0">
								</Glyph>
								<Glyph ID="char_453" 
								       CONTENT="."
								       HPOS="833"
								       VPOS="952"
								       WIDTH="0"
								       HEIGHT="24"
								       GC="1.0">
								</Glyph>
							</String>
							<SP ID="segment_129"
							    HPOS="837" 
							    VPOS="952"
							    WIDTH="4" 
							    HEIGHT="24"/>
							<String ID="segment_130"
								CONTENT="59-62." 
								HPOS="853" 
								VPOS="952"
								WIDTH="72" 
								HEIGHT="24" 
								WC="0.9447">
								<Glyph ID="char_455" 
								       CONTENT="5"
								       HPOS="853"
								       VPOS="952"
								       WIDTH="4"
								       HEIGHT="24"
								       GC="1.0">
								</Glyph>
								<Glyph ID="char_456" 
								       CONTENT="9"
								       HPOS="869"
								       VPOS="952"
								       WIDTH="0"
								       HEIGHT="24"
								       GC="1.0">
								</Glyph>
								<Glyph ID="char_457" 
								       CONTENT="-"
								       HPOS="881"
								       VPOS="952"
								       WIDTH="4"
								       HEIGHT="24"
								       GC="0.9997">
								</Glyph>
								<Glyph ID="char_458" 
								       CONTENT="6"
								       HPOS="901"
								       VPOS="952"
								       WIDTH="0"
								       HEIGHT="24"
								       GC="0.6752">
								</Glyph>
								<Glyph ID="char_459" 
								       CONTENT="2"
								       HPOS="913"
								       VPOS="952"
								       WIDTH="4"
								       HEIGHT="24"
								       GC="0.9932">
								</Glyph>
								<Glyph ID="char_460" 
								       CONTENT="."
								       HPOS="925"
								       VPOS="952"
								       WIDTH="0"
								       HEIGHT="24"
								       GC="1.0">
								</Glyph>
							</String>
					</TextLine>
					<TextLine ID="line_9"
						  HPOS="757"
						  VPOS="989" 
						  WIDTH="1052" 
						  HEIGHT="32">
							<String ID="segment_131"
								CONTENT="-Johannes" 
								HPOS="757" 
								VPOS="989"
								WIDTH="132" 
								HEIGHT="32" 
								WC="1.0">
								<Glyph ID="char_461" 
								       CONTENT="-"
								       HPOS="757"
								       VPOS="989"
								       WIDTH="0"
								       HEIGHT="32"
								       GC="1.0">
								</Glyph>
								<Glyph ID="char_462" 
								       CONTENT="J"
								       HPOS="779"
								       VPOS="989"
								       WIDTH="0"
								       HEIGHT="32"
								       GC="1.0">
								</Glyph>
								<Glyph ID="char_463" 
								       CONTENT="o"
								       HPOS="793"
								       VPOS="989"
								       WIDTH="0"
								       HEIGHT="32"
								       GC="1.0">
								</Glyph>
								<Glyph ID="char_464" 
								       CONTENT="h"
								       HPOS="804"
								       VPOS="989"
								       WIDTH="0"
								       HEIGHT="32"
								       GC="1.0">
								</Glyph>
								<Glyph ID="char_465" 
								       CONTENT="a"
								       HPOS="823"
								       VPOS="989"
								       WIDTH="3"
								       HEIGHT="32"
								       GC="1.0">
								</Glyph>
								<Glyph ID="char_466" 
								       CONTENT="n"
								       HPOS="837"
								       VPOS="989"
								       WIDTH="0"
								       HEIGHT="32"
								       GC="1.0">
								</Glyph>
								<Glyph ID="char_467" 
								       CONTENT="n"
								       HPOS="856"
								       VPOS="989"
								       WIDTH="0"
								       HEIGHT="32"
								       GC="0.9999">
								</Glyph>
								<Glyph ID="char_468" 
								       CONTENT="e"
								       HPOS="874"
								       VPOS="989"
								       WIDTH="0"
								       HEIGHT="32"
								       GC="1.0">
								</Glyph>
								<Glyph ID="char_469" 
								       CONTENT="s"
								       HPOS="885"
								       VPOS="989"
								       WIDTH="4"
								       HEIGHT="32"
								       GC="1.0">
								</Glyph>
							</String>
							<SP ID="segment_132"
							    HPOS="896" 
							    VPOS="989"
							    WIDTH="4" 
							    HEIGHT="32"/>
							<String ID="segment_133"
								CONTENT="Comander" 
								HPOS="918" 
								VPOS="989"
								WIDTH="121" 
								HEIGHT="32" 
								WC="1.0">
								<Glyph ID="char_471" 
								       CONTENT="C"
								       HPOS="918"
								       VPOS="989"
								       WIDTH="0"
								       HEIGHT="32"
								       GC="1.0">
								</Glyph>
								<Glyph ID="char_472" 
								       CONTENT="o"
								       HPOS="936"
								       VPOS="989"
								       WIDTH="0"
								       HEIGHT="32"
								       GC="1.0">
								</Glyph>
								<Glyph ID="char_473" 
								       CONTENT="m"
								       HPOS="947"
								       VPOS="989"
								       WIDTH="4"
								       HEIGHT="32"
								       GC="1.0">
								</Glyph>
								<Glyph ID="char_474" 
								       CONTENT="a"
								       HPOS="973"
								       VPOS="989"
								       WIDTH="4"
								       HEIGHT="32"
								       GC="1.0">
								</Glyph>
								<Glyph ID="char_475" 
								       CONTENT="n"
								       HPOS="988"
								       VPOS="989"
								       WIDTH="3"
								       HEIGHT="32"
								       GC="1.0">
								</Glyph>
								<Glyph ID="char_476" 
								       CONTENT="d"
								       HPOS="1010"
								       VPOS="989"
								       WIDTH="3"
								       HEIGHT="32"
								       GC="1.0">
								</Glyph>
								<Glyph ID="char_477" 
								       CONTENT="e"
								       HPOS="1024"
								       VPOS="989"
								       WIDTH="0"
								       HEIGHT="32"
								       GC="1.0">
								</Glyph>
								<Glyph ID="char_478" 
								       CONTENT="r"
								       HPOS="1035"
								       VPOS="989"
								       WIDTH="4"
								       HEIGHT="32"
								       GC="1.0">
								</Glyph>
							</String>
							<SP ID="segment_134"
							    HPOS="1043" 
							    VPOS="989"
							    WIDTH="7" 
							    HEIGHT="32"/>
							<String ID="segment_135"
								CONTENT="und" 
								HPOS="1057" 
								VPOS="989"
								WIDTH="44" 
								HEIGHT="32" 
								WC="1.0">
								<Glyph ID="char_480" 
								       CONTENT="u"
								       HPOS="1057"
								       VPOS="989"
								       WIDTH="4"
								       HEIGHT="32"
								       GC="1.0">
								</Glyph>
								<Glyph ID="char_481" 
								       CONTENT="n"
								       HPOS="1076"
								       VPOS="989"
								       WIDTH="3"
								       HEIGHT="32"
								       GC="1.0">
								</Glyph>
								<Glyph ID="char_482" 
								       CONTENT="d"
								       HPOS="1098"
								       VPOS="989"
								       WIDTH="3"
								       HEIGHT="32"
								       GC="1.0">
								</Glyph>
							</String>
							<SP ID="segment_136"
							    HPOS="1105" 
							    VPOS="989"
							    WIDTH="7" 
							    HEIGHT="32"/>
							<String ID="segment_137"
								CONTENT="Philipp" 
								HPOS="1123" 
								VPOS="989"
								WIDTH="77" 
								HEIGHT="32" 
								WC="0.9997">
								<Glyph ID="char_484" 
								       CONTENT="P"
								       HPOS="1123"
								       VPOS="989"
								       WIDTH="4"
								       HEIGHT="32"
								       GC="1.0">
								</Glyph>
								<Glyph ID="char_485" 
								       CONTENT="h"
								       HPOS="1138"
								       VPOS="989"
								       WIDTH="0"
								       HEIGHT="32"
								       GC="1.0">
								</Glyph>
								<Glyph ID="char_486" 
								       CONTENT="i"
								       HPOS="1153"
								       VPOS="989"
								       WIDTH="3"
								       HEIGHT="32"
								       GC="0.9996">
								</Glyph>
								<Glyph ID="char_487" 
								       CONTENT="l"
								       HPOS="1164"
								       VPOS="989"
								       WIDTH="0"
								       HEIGHT="32"
								       GC="0.9986">
								</Glyph>
								<Glyph ID="char_488" 
								       CONTENT="i"
								       HPOS="1171"
								       VPOS="989"
								       WIDTH="4"
								       HEIGHT="32"
								       GC="1.0">
								</Glyph>
								<Glyph ID="char_489" 
								       CONTENT="p"
								       HPOS="1182"
								       VPOS="989"
								       WIDTH="0"
								       HEIGHT="32"
								       GC="0.9999">
								</Glyph>
								<Glyph ID="char_490" 
								       CONTENT="p"
								       HPOS="1197"
								       VPOS="989"
								       WIDTH="3"
								       HEIGHT="32"
								       GC="1.0">
								</Glyph>
							</String>
							<SP ID="segment_138"
							    HPOS="1211" 
							    VPOS="989"
							    WIDTH="8" 
							    HEIGHT="32"/>
							<String ID="segment_139"
								CONTENT="Gallicius" 
								HPOS="1237" 
								VPOS="989"
								WIDTH="99" 
								HEIGHT="32" 
								WC="0.9466">
								<Glyph ID="char_492" 
								       CONTENT="G"
								       HPOS="1237"
								       VPOS="989"
								       WIDTH="0"
								       HEIGHT="32"
								       GC="1.0">
								</Glyph>
								<Glyph ID="char_493" 
								       CONTENT="a"
								       HPOS="1252"
								       VPOS="989"
								       WIDTH="3"
								       HEIGHT="32"
								       GC="1.0">
								</Glyph>
								<Glyph ID="char_494" 
								       CONTENT="l"
								       HPOS="1263"
								       VPOS="989"
								       WIDTH="3"
								       HEIGHT="32"
								       GC="1.0">
								</Glyph>
								<Glyph ID="char_495" 
								       CONTENT="l"
								       HPOS="1274"
								       VPOS="989"
								       WIDTH="0"
								       HEIGHT="32"
								       GC="0.5859">
								</Glyph>
								<Glyph ID="char_496" 
								       CONTENT="i"
								       HPOS="1281"
								       VPOS="989"
								       WIDTH="4"
								       HEIGHT="32"
								       GC="1.0">
								</Glyph>
								<Glyph ID="char_497" 
								       CONTENT="c"
								       HPOS="1296"
								       VPOS="989"
								       WIDTH="0"
								       HEIGHT="32"
								       GC="1.0">
								</Glyph>
								<Glyph ID="char_498" 
								       CONTENT="i"
								       HPOS="1307"
								       VPOS="989"
								       WIDTH="0"
								       HEIGHT="32"
								       GC="0.9337">
								</Glyph>
								<Glyph ID="char_499" 
								       CONTENT="u"
								       HPOS="1318"
								       VPOS="989"
								       WIDTH="4"
								       HEIGHT="32"
								       GC="1.0">
								</Glyph>
								<Glyph ID="char_500" 
								       CONTENT="s"
								       HPOS="1336"
								       VPOS="989"
								       WIDTH="0"
								       HEIGHT="32"
								       GC="1.0">
								</Glyph>
							</String>
							<SP ID="segment_140"
							    HPOS="1344" 
							    VPOS="989"
							    WIDTH="7" 
							    HEIGHT="32"/>
							<String ID="segment_141"
								CONTENT="an" 
								HPOS="1358" 
								VPOS="989"
								WIDTH="19" 
								HEIGHT="32" 
								WC="0.9994">
								<Glyph ID="char_502" 
								       CONTENT="a"
								       HPOS="1358"
								       VPOS="989"
								       WIDTH="4"
								       HEIGHT="32"
								       GC="0.9999">
								</Glyph>
								<Glyph ID="char_503" 
								       CONTENT="n"
								       HPOS="1373"
								       VPOS="989"
								       WIDTH="4"
								       HEIGHT="32"
								       GC="0.999">
								</Glyph>
							</String>
							<SP ID="segment_142"
							    HPOS="1388" 
							    VPOS="989"
							    WIDTH="3" 
							    HEIGHT="32"/>
							<String ID="segment_143"
								CONTENT="Bullinger," 
								HPOS="1406" 
								VPOS="989"
								WIDTH="121" 
								HEIGHT="32" 
								WC="0.9998">
								<Glyph ID="char_505" 
								       CONTENT="B"
								       HPOS="1406"
								       VPOS="989"
								       WIDTH="4"
								       HEIGHT="32"
								       GC="0.9996">
								</Glyph>
								<Glyph ID="char_506" 
								       CONTENT="u"
								       HPOS="1424"
								       VPOS="989"
								       WIDTH="4"
								       HEIGHT="32"
								       GC="1.0">
								</Glyph>
								<Glyph ID="char_507" 
								       CONTENT="l"
								       HPOS="1439"
								       VPOS="989"
								       WIDTH="0"
								       HEIGHT="32"
								       GC="0.9998">
								</Glyph>
								<Glyph ID="char_508" 
								       CONTENT="l"
								       HPOS="1450"
								       VPOS="989"
								       WIDTH="0"
								       HEIGHT="32"
								       GC="0.9999">
								</Glyph>
								<Glyph ID="char_509" 
								       CONTENT="i"
								       HPOS="1457"
								       VPOS="989"
								       WIDTH="0"
								       HEIGHT="32"
								       GC="0.9988">
								</Glyph>
								<Glyph ID="char_510" 
								       CONTENT="n"
								       HPOS="1468"
								       VPOS="989"
								       WIDTH="4"
								       HEIGHT="32"
								       GC="0.9999">
								</Glyph>
								<Glyph ID="char_511" 
								       CONTENT="g"
								       HPOS="1487"
								       VPOS="989"
								       WIDTH="3"
								       HEIGHT="32"
								       GC="1.0">
								</Glyph>
								<Glyph ID="char_512" 
								       CONTENT="e"
								       HPOS="1505"
								       VPOS="989"
								       WIDTH="0"
								       HEIGHT="32"
								       GC="1.0">
								</Glyph>
								<Glyph ID="char_513" 
								       CONTENT="r"
								       HPOS="1516"
								       VPOS="989"
								       WIDTH="4"
								       HEIGHT="32"
								       GC="1.0">
								</Glyph>
								<Glyph ID="char_514" 
								       CONTENT=","
								       HPOS="1523"
								       VPOS="989"
								       WIDTH="4"
								       HEIGHT="32"
								       GC="1.0">
								</Glyph>
							</String>
							<SP ID="segment_144"
							    HPOS="1531" 
							    VPOS="989"
							    WIDTH="7" 
							    HEIGHT="32"/>
							<String ID="segment_145"
								CONTENT="22." 
								HPOS="1549" 
								VPOS="989"
								WIDTH="29" 
								HEIGHT="32" 
								WC="1.0">
								<Glyph ID="char_516" 
								       CONTENT="2"
								       HPOS="1549"
								       VPOS="989"
								       WIDTH="4"
								       HEIGHT="32"
								       GC="0.9999">
								</Glyph>
								<Glyph ID="char_517" 
								       CONTENT="2"
								       HPOS="1564"
								       VPOS="989"
								       WIDTH="3"
								       HEIGHT="32"
								       GC="1.0">
								</Glyph>
								<Glyph ID="char_518" 
								       CONTENT="."
								       HPOS="1578"
								       VPOS="989"
								       WIDTH="0"
								       HEIGHT="32"
								       GC="1.0">
								</Glyph>
							</String>
							<SP ID="segment_146"
							    HPOS="1586" 
							    VPOS="989"
							    WIDTH="7" 
							    HEIGHT="32"/>
							<String ID="segment_147"
								CONTENT="April" 
								HPOS="1604" 
								VPOS="989"
								WIDTH="62" 
								HEIGHT="32" 
								WC="1.0">
								<Glyph ID="char_520" 
								       CONTENT="A"
								       HPOS="1604"
								       VPOS="989"
								       WIDTH="4"
								       HEIGHT="32"
								       GC="1.0">
								</Glyph>
								<Glyph ID="char_521" 
								       CONTENT="p"
								       HPOS="1622"
								       VPOS="989"
								       WIDTH="4"
								       HEIGHT="32"
								       GC="1.0">
								</Glyph>
								<Glyph ID="char_522" 
								       CONTENT="r"
								       HPOS="1644"
								       VPOS="989"
								       WIDTH="0"
								       HEIGHT="32"
								       GC="1.0">
								</Glyph>
								<Glyph ID="char_523" 
								       CONTENT="i"
								       HPOS="1655"
								       VPOS="989"
								       WIDTH="4"
								       HEIGHT="32"
								       GC="1.0">
								</Glyph>
								<Glyph ID="char_524" 
								       CONTENT="l"
								       HPOS="1666"
								       VPOS="989"
								       WIDTH="0"
								       HEIGHT="32"
								       GC="0.9999">
								</Glyph>
							</String>
							<SP ID="segment_148"
							    HPOS="1674" 
							    VPOS="989"
							    WIDTH="3" 
							    HEIGHT="32"/>
							<String ID="segment_149"
								CONTENT="1553," 
								HPOS="1692" 
								VPOS="989"
								WIDTH="62" 
								HEIGHT="32" 
								WC="0.8959">
								<Glyph ID="char_526" 
								       CONTENT="1"
								       HPOS="1692"
								       VPOS="989"
								       WIDTH="0"
								       HEIGHT="32"
								       GC="1.0">
								</Glyph>
								<Glyph ID="char_527" 
								       CONTENT="5"
								       HPOS="1707"
								       VPOS="989"
								       WIDTH="0"
								       HEIGHT="32"
								       GC="0.9998">
								</Glyph>
								<Glyph ID="char_528" 
								       CONTENT="5"
								       HPOS="1725"
								       VPOS="989"
								       WIDTH="0"
								       HEIGHT="32"
								       GC="0.9704">
								</Glyph>
								<Glyph ID="char_529" 
								       CONTENT="3"
								       HPOS="1740"
								       VPOS="989"
								       WIDTH="0"
								       HEIGHT="32"
								       GC="0.5093">
								</Glyph>
								<Glyph ID="char_530" 
								       CONTENT=","
								       HPOS="1751"
								       VPOS="989"
								       WIDTH="3"
								       HEIGHT="32"
								       GC="1.0">
								</Glyph>
							</String>
							<SP ID="segment_150"
							    HPOS="1758" 
							    VPOS="989"
							    WIDTH="4" 
							    HEIGHT="32"/>
							<String ID="segment_151"
								CONTENT="auf" 
								HPOS="1773" 
								VPOS="989"
								WIDTH="36" 
								HEIGHT="32" 
								WC="0.9999">
								<Glyph ID="char_532" 
								       CONTENT="a"
								       HPOS="1773"
								       VPOS="989"
								       WIDTH="3"
								       HEIGHT="32"
								       GC="1.0">
								</Glyph>
								<Glyph ID="char_533" 
								       CONTENT="u"
								       HPOS="1787"
								       VPOS="989"
								       WIDTH="4"
								       HEIGHT="32"
								       GC="0.9998">
								</Glyph>
								<Glyph ID="char_534" 
								       CONTENT="f"
								       HPOS="1806"
								       VPOS="989"
								       WIDTH="3"
								       HEIGHT="32"
								       GC="0.9999">
								</Glyph>
							</String>
					</TextLine>
					<TextLine ID="line_10"
						  HPOS="822"
						  VPOS="1028" 
						  WIDTH="107" 
						  HEIGHT="24">
							<String ID="segment_152"
								CONTENT="S." 
								HPOS="822" 
								VPOS="1028"
								WIDTH="13" 
								HEIGHT="24" 
								WC="1.0">
								<Glyph ID="char_535" 
								       CONTENT="S"
								       HPOS="822"
								       VPOS="1028"
								       WIDTH="0"
								       HEIGHT="24"
								       GC="1.0">
								</Glyph>
								<Glyph ID="char_536" 
								       CONTENT="."
								       HPOS="835"
								       VPOS="1028"
								       WIDTH="0"
								       HEIGHT="24"
								       GC="1.0">
								</Glyph>
							</String>
							<SP ID="segment_153"
							    HPOS="839" 
							    VPOS="1028"
							    WIDTH="4" 
							    HEIGHT="24"/>
							<String ID="segment_154"
								CONTENT="62-67." 
								HPOS="856" 
								VPOS="1028"
								WIDTH="73" 
								HEIGHT="24" 
								WC="0.9988">
								<Glyph ID="char_538" 
								       CONTENT="6"
								       HPOS="856"
								       VPOS="1028"
								       WIDTH="0"
								       HEIGHT="24"
								       GC="1.0">
								</Glyph>
								<Glyph ID="char_539" 
								       CONTENT="2"
								       HPOS="873"
								       VPOS="1028"
								       WIDTH="0"
								       HEIGHT="24"
								       GC="1.0">
								</Glyph>
								<Glyph ID="char_540" 
								       CONTENT="-"
								       HPOS="886"
								       VPOS="1028"
								       WIDTH="0"
								       HEIGHT="24"
								       GC="0.9994">
								</Glyph>
								<Glyph ID="char_541" 
								       CONTENT="6"
								       HPOS="903"
								       VPOS="1028"
								       WIDTH="0"
								       HEIGHT="24"
								       GC="0.9933">
								</Glyph>
								<Glyph ID="char_542" 
								       CONTENT="7"
								       HPOS="916"
								       VPOS="1028"
								       WIDTH="4"
								       HEIGHT="24"
								       GC="1.0">
								</Glyph>
								<Glyph ID="char_543" 
								       CONTENT="."
								       HPOS="929"
								       VPOS="1028"
								       WIDTH="0"
								       HEIGHT="24"
								       GC="1.0">
								</Glyph>
							</String>
					</TextLine>
					<TextLine ID="line_11"
						  HPOS="1313"
						  VPOS="1033" 
						  WIDTH="67" 
						  HEIGHT="40">
							<String ID="segment_155"
								CONTENT="..," 
								HPOS="1313" 
								VPOS="1033"
								WIDTH="38" 
								HEIGHT="40" 
								WC="0.992">
								<Glyph ID="char_544" 
								       CONTENT="."
								       HPOS="1313"
								       VPOS="1033"
								       WIDTH="4"
								       HEIGHT="40"
								       GC="1.0">
								</Glyph>
								<Glyph ID="char_545" 
								       CONTENT="."
								       HPOS="1327"
								       VPOS="1033"
								       WIDTH="5"
								       HEIGHT="40"
								       GC="0.976">
								</Glyph>
								<Glyph ID="char_546" 
								       CONTENT=","
								       HPOS="1346"
								       VPOS="1033"
								       WIDTH="5"
								       HEIGHT="40"
								       GC="1.0">
								</Glyph>
							</String>
							<SP ID="segment_156"
							    HPOS="1361" 
							    VPOS="1033"
							    WIDTH="5" 
							    HEIGHT="40"/>
							<String ID="segment_157"
								CONTENT="4" 
								HPOS="1380" 
								VPOS="1033"
								WIDTH="0" 
								HEIGHT="40" 
								WC="0.9783">
								<Glyph ID="char_548" 
								       CONTENT="4"
								       HPOS="1380"
								       VPOS="1033"
								       WIDTH="0"
								       HEIGHT="40"
								       GC="0.9783">
								</Glyph>
							</String>
					</TextLine>
					<TextLine ID="line_12"
						  HPOS="1194"
						  VPOS="1066" 
						  WIDTH="331" 
						  HEIGHT="36">
							<String ID="segment_158"
								CONTENT="%:ilEi" 
								HPOS="1194" 
								VPOS="1066"
								WIDTH="155" 
								HEIGHT="36" 
								WC="0.9824">
								<Glyph ID="char_549" 
								       CONTENT="%"
								       HPOS="1194"
								       VPOS="1066"
								       WIDTH="0"
								       HEIGHT="36"
								       GC="1.0">
								</Glyph>
								<Glyph ID="char_550" 
								       CONTENT=":"
								       HPOS="1204"
								       VPOS="1066"
								       WIDTH="0"
								       HEIGHT="36"
								       GC="1.0">
								</Glyph>
								<Glyph ID="char_551" 
								       CONTENT="i"
								       HPOS="1274"
								       VPOS="1066"
								       WIDTH="0"
								       HEIGHT="36"
								       GC="1.0">
								</Glyph>
								<Glyph ID="char_552" 
								       CONTENT="l"
								       HPOS="1299"
								       VPOS="1066"
								       WIDTH="0"
								       HEIGHT="36"
								       GC="1.0">
								</Glyph>
								<Glyph ID="char_553" 
								       CONTENT="E"
								       HPOS="1329"
								       VPOS="1066"
								       WIDTH="0"
								       HEIGHT="36"
								       GC="0.9958">
								</Glyph>
								<Glyph ID="char_554" 
								       CONTENT="i"
								       HPOS="1349"
								       VPOS="1066"
								       WIDTH="0"
								       HEIGHT="36"
								       GC="0.8983">
								</Glyph>
							</String>
							<SP ID="segment_159"
							    HPOS="1365" 
							    VPOS="1066"
							    WIDTH="0" 
							    HEIGHT="36"/>
							<String ID="segment_160"
								CONTENT="aufs." 
								HPOS="1380" 
								VPOS="1066"
								WIDTH="65" 
								HEIGHT="36" 
								WC="0.9065">
								<Glyph ID="char_556" 
								       CONTENT="a"
								       HPOS="1380"
								       VPOS="1066"
								       WIDTH="0"
								       HEIGHT="36"
								       GC="1.0">
								</Glyph>
								<Glyph ID="char_557" 
								       CONTENT="u"
								       HPOS="1395"
								       VPOS="1066"
								       WIDTH="0"
								       HEIGHT="36"
								       GC="0.553">
								</Glyph>
								<Glyph ID="char_558" 
								       CONTENT="f"
								       HPOS="1410"
								       VPOS="1066"
								       WIDTH="0"
								       HEIGHT="36"
								       GC="1.0">
								</Glyph>
								<Glyph ID="char_559" 
								       CONTENT="s"
								       HPOS="1430"
								       VPOS="1066"
								       WIDTH="5"
								       HEIGHT="36"
								       GC="1.0">
								</Glyph>
								<Glyph ID="char_560" 
								       CONTENT="."
								       HPOS="1445"
								       VPOS="1066"
								       WIDTH="0"
								       HEIGHT="36"
								       GC="0.9796">
								</Glyph>
							</String>
							<SP ID="segment_161"
							    HPOS="1450" 
							    VPOS="1066"
							    WIDTH="5" 
							    HEIGHT="36"/>
							<String ID="segment_162"
								CONTENT="7-69" 
								HPOS="1485" 
								VPOS="1066"
								WIDTH="40" 
								HEIGHT="36" 
								WC="0.6347">
								<Glyph ID="char_562" 
								       CONTENT="7"
								       HPOS="1485"
								       VPOS="1066"
								       WIDTH="0"
								       HEIGHT="36"
								       GC="0.9978">
								</Glyph>
								<Glyph ID="char_563" 
								       CONTENT="-"
								       HPOS="1495"
								       VPOS="1066"
								       WIDTH="0"
								       HEIGHT="36"
								       GC="0.477">
								</Glyph>
								<Glyph ID="char_564" 
								       CONTENT="6"
								       HPOS="1510"
								       VPOS="1066"
								       WIDTH="0"
								       HEIGHT="36"
								       GC="0.5534">
								</Glyph>
								<Glyph ID="char_565" 
								       CONTENT="9"
								       HPOS="1525"
								       VPOS="1066"
								       WIDTH="0"
								       HEIGHT="36"
								       GC="0.5105">
								</Glyph>
							</String>
					</TextLine>
					<TextLine ID="line_13"
						  HPOS="757"
						  VPOS="1066" 
						  WIDTH="459" 
						  HEIGHT="30">
							<String ID="segment_163"
								CONTENT="-" 
								HPOS="757" 
								VPOS="1066"
								WIDTH="0" 
								HEIGHT="30" 
								WC="0.9999">
								<Glyph ID="char_566" 
								       CONTENT="-"
								       HPOS="757"
								       VPOS="1066"
								       WIDTH="0"
								       HEIGHT="30"
								       GC="0.9999">
								</Glyph>
							</String>
							<SP ID="segment_164"
							    HPOS="768" 
							    VPOS="1066"
							    WIDTH="0" 
							    HEIGHT="30"/>
							<String ID="segment_165"
								CONTENT="Philipp" 
								HPOS="780" 
								VPOS="1066"
								WIDTH="77" 
								HEIGHT="30" 
								WC="0.9536">
								<Glyph ID="char_568" 
								       CONTENT="P"
								       HPOS="780"
								       VPOS="1066"
								       WIDTH="4"
								       HEIGHT="30"
								       GC="1.0">
								</Glyph>
								<Glyph ID="char_569" 
								       CONTENT="h"
								       HPOS="795"
								       VPOS="1066"
								       WIDTH="0"
								       HEIGHT="30"
								       GC="0.6757">
								</Glyph>
								<Glyph ID="char_570" 
								       CONTENT="i"
								       HPOS="811"
								       VPOS="1066"
								       WIDTH="0"
								       HEIGHT="30"
								       GC="1.0">
								</Glyph>
								<Glyph ID="char_571" 
								       CONTENT="l"
								       HPOS="822"
								       VPOS="1066"
								       WIDTH="0"
								       HEIGHT="30"
								       GC="1.0">
								</Glyph>
								<Glyph ID="char_572" 
								       CONTENT="i"
								       HPOS="830"
								       VPOS="1066"
								       WIDTH="0"
								       HEIGHT="30"
								       GC="0.9996">
								</Glyph>
								<Glyph ID="char_573" 
								       CONTENT="p"
								       HPOS="838"
								       VPOS="1066"
								       WIDTH="4"
								       HEIGHT="30"
								       GC="1.0">
								</Glyph>
								<Glyph ID="char_574" 
								       CONTENT="p"
								       HPOS="857"
								       VPOS="1066"
								       WIDTH="0"
								       HEIGHT="30"
								       GC="0.9999">
								</Glyph>
							</String>
							<SP ID="segment_166"
							    HPOS="869" 
							    VPOS="1066"
							    WIDTH="4" 
							    HEIGHT="30"/>
							<String ID="segment_167"
								CONTENT="Gallicius" 
								HPOS="892" 
								VPOS="1066"
								WIDTH="100" 
								HEIGHT="30" 
								WC="0.947">
								<Glyph ID="char_576" 
								       CONTENT="G"
								       HPOS="892"
								       VPOS="1066"
								       WIDTH="0"
								       HEIGHT="30"
								       GC="1.0">
								</Glyph>
								<Glyph ID="char_577" 
								       CONTENT="a"
								       HPOS="907"
								       VPOS="1066"
								       WIDTH="0"
								       HEIGHT="30"
								       GC="1.0">
								</Glyph>
								<Glyph ID="char_578" 
								       CONTENT="l"
								       HPOS="919"
								       VPOS="1066"
								       WIDTH="0"
								       HEIGHT="30"
								       GC="0.8001">
								</Glyph>
								<Glyph ID="char_579" 
								       CONTENT="l"
								       HPOS="926"
								       VPOS="1066"
								       WIDTH="0"
								       HEIGHT="30"
								       GC="0.765">
								</Glyph>
								<Glyph ID="char_580" 
								       CONTENT="i"
								       HPOS="938"
								       VPOS="1066"
								       WIDTH="0"
								       HEIGHT="30"
								       GC="0.9582">
								</Glyph>
								<Glyph ID="char_581" 
								       CONTENT="c"
								       HPOS="950"
								       VPOS="1066"
								       WIDTH="0"
								       HEIGHT="30"
								       GC="0.9999">
								</Glyph>
								<Glyph ID="char_582" 
								       CONTENT="i"
								       HPOS="961"
								       VPOS="1066"
								       WIDTH="0"
								       HEIGHT="30"
								       GC="1.0">
								</Glyph>
								<Glyph ID="char_583" 
								       CONTENT="u"
								       HPOS="973"
								       VPOS="1066"
								       WIDTH="4"
								       HEIGHT="30"
								       GC="1.0">
								</Glyph>
								<Glyph ID="char_584" 
								       CONTENT="s"
								       HPOS="988"
								       VPOS="1066"
								       WIDTH="4"
								       HEIGHT="30"
								       GC="1.0">
								</Glyph>
							</String>
							<SP ID="segment_168"
							    HPOS="996" 
							    VPOS="1066"
							    WIDTH="4" 
							    HEIGHT="30"/>
							<String ID="segment_169"
								CONTENT="an" 
								HPOS="1011" 
								VPOS="1066"
								WIDTH="16" 
								HEIGHT="30" 
								WC="0.9998">
								<Glyph ID="char_586" 
								       CONTENT="a"
								       HPOS="1011"
								       VPOS="1066"
								       WIDTH="0"
								       HEIGHT="30"
								       GC="0.9997">
								</Glyph>
								<Glyph ID="char_587" 
								       CONTENT="n"
								       HPOS="1027"
								       VPOS="1066"
								       WIDTH="0"
								       HEIGHT="30"
								       GC="1.0">
								</Glyph>
							</String>
							<SP ID="segment_170"
							    HPOS="1038" 
							    VPOS="1066"
							    WIDTH="4" 
							    HEIGHT="30"/>
							<String ID="segment_171"
								CONTENT="Bullinger," 
								HPOS="1058" 
								VPOS="1066"
								WIDTH="115" 
								HEIGHT="30" 
								WC="0.9908">
								<Glyph ID="char_589" 
								       CONTENT="B"
								       HPOS="1058"
								       VPOS="1066"
								       WIDTH="0"
								       HEIGHT="30"
								       GC="0.9994">
								</Glyph>
								<Glyph ID="char_590" 
								       CONTENT="u"
								       HPOS="1073"
								       VPOS="1066"
								       WIDTH="4"
								       HEIGHT="30"
								       GC="0.9978">
								</Glyph>
								<Glyph ID="char_591" 
								       CONTENT="l"
								       HPOS="1088"
								       VPOS="1066"
								       WIDTH="0"
								       HEIGHT="30"
								       GC="1.0">
								</Glyph>
								<Glyph ID="char_592" 
								       CONTENT="l"
								       HPOS="1096"
								       VPOS="1066"
								       WIDTH="0"
								       HEIGHT="30"
								       GC="0.9108">
								</Glyph>
								<Glyph ID="char_593" 
								       CONTENT="i"
								       HPOS="1104"
								       VPOS="1066"
								       WIDTH="4"
								       HEIGHT="30"
								       GC="1.0">
								</Glyph>
								<Glyph ID="char_594" 
								       CONTENT="n"
								       HPOS="1115"
								       VPOS="1066"
								       WIDTH="4"
								       HEIGHT="30"
								       GC="0.9998">
								</Glyph>
								<Glyph ID="char_595" 
								       CONTENT="g"
								       HPOS="1135"
								       VPOS="1066"
								       WIDTH="3"
								       HEIGHT="30"
								       GC="1.0">
								</Glyph>
								<Glyph ID="char_596" 
								       CONTENT="e"
								       HPOS="1150"
								       VPOS="1066"
								       WIDTH="4"
								       HEIGHT="30"
								       GC="1.0">
								</Glyph>
								<Glyph ID="char_597" 
								       CONTENT="r"
								       HPOS="1165"
								       VPOS="1066"
								       WIDTH="0"
								       HEIGHT="30"
								       GC="1.0">
								</Glyph>
								<Glyph ID="char_598" 
								       CONTENT=","
								       HPOS="1173"
								       VPOS="1066"
								       WIDTH="0"
								       HEIGHT="30"
								       GC="1.0">
								</Glyph>
							</String>
							<SP ID="segment_172"
							    HPOS="1177" 
							    VPOS="1066"
							    WIDTH="4" 
							    HEIGHT="30"/>
							<String ID="segment_173"
								CONTENT="6." 
								HPOS="1196" 
								VPOS="1066"
								WIDTH="12" 
								HEIGHT="30" 
								WC="1.0">
								<Glyph ID="char_600" 
								       CONTENT="6"
								       HPOS="1196"
								       VPOS="1066"
								       WIDTH="0"
								       HEIGHT="30"
								       GC="0.9999">
								</Glyph>
								<Glyph ID="char_601" 
								       CONTENT="."
								       HPOS="1204"
								       VPOS="1066"
								       WIDTH="4"
								       HEIGHT="30"
								       GC="1.0">
								</Glyph>
							</String>
							<SP ID="segment_174"
							    HPOS="1216" 
							    VPOS="1066"
							    WIDTH="0" 
							    HEIGHT="30"/>
					</TextLine>
					<TextLine ID="line_14"
						  HPOS="757"
						  VPOS="1103" 
						  WIDTH="862" 
						  HEIGHT="31">
							<String ID="segment_175"
								CONTENT="-" 
								HPOS="757" 
								VPOS="1103"
								WIDTH="0" 
								HEIGHT="31" 
								WC="0.9984">
								<Glyph ID="char_603" 
								       CONTENT="-"
								       HPOS="757"
								       VPOS="1103"
								       WIDTH="0"
								       HEIGHT="31"
								       GC="0.9984">
								</Glyph>
							</String>
							<SP ID="segment_176"
							    HPOS="768" 
							    VPOS="1103"
							    WIDTH="0" 
							    HEIGHT="31"/>
							<String ID="segment_177"
								CONTENT="Philipp" 
								HPOS="782" 
								VPOS="1103"
								WIDTH="74" 
								HEIGHT="31" 
								WC="0.9995">
								<Glyph ID="char_605" 
								       CONTENT="P"
								       HPOS="782"
								       VPOS="1103"
								       WIDTH="0"
								       HEIGHT="31"
								       GC="0.9999">
								</Glyph>
								<Glyph ID="char_606" 
								       CONTENT="h"
								       HPOS="793"
								       VPOS="1103"
								       WIDTH="4"
								       HEIGHT="31"
								       GC="1.0">
								</Glyph>
								<Glyph ID="char_607" 
								       CONTENT="i"
								       HPOS="812"
								       VPOS="1103"
								       WIDTH="0"
								       HEIGHT="31"
								       GC="1.0">
								</Glyph>
								<Glyph ID="char_608" 
								       CONTENT="l"
								       HPOS="819"
								       VPOS="1103"
								       WIDTH="4"
								       HEIGHT="31"
								       GC="1.0">
								</Glyph>
								<Glyph ID="char_609" 
								       CONTENT="i"
								       HPOS="830"
								       VPOS="1103"
								       WIDTH="0"
								       HEIGHT="31"
								       GC="1.0">
								</Glyph>
								<Glyph ID="char_610" 
								       CONTENT="p"
								       HPOS="837"
								       VPOS="1103"
								       WIDTH="4"
								       HEIGHT="31"
								       GC="1.0">
								</Glyph>
								<Glyph ID="char_611" 
								       CONTENT="p"
								       HPOS="856"
								       VPOS="1103"
								       WIDTH="0"
								       HEIGHT="31"
								       GC="0.9966">
								</Glyph>
							</String>
							<SP ID="segment_178"
							    HPOS="870" 
							    VPOS="1103"
							    WIDTH="4" 
							    HEIGHT="31"/>
							<String ID="segment_179"
								CONTENT="Gallicius" 
								HPOS="889" 
								VPOS="1103"
								WIDTH="99" 
								HEIGHT="31" 
								WC="0.9971">
								<Glyph ID="char_613" 
								       CONTENT="G"
								       HPOS="889"
								       VPOS="1103"
								       WIDTH="3"
								       HEIGHT="31"
								       GC="0.9891">
								</Glyph>
								<Glyph ID="char_614" 
								       CONTENT="a"
								       HPOS="903"
								       VPOS="1103"
								       WIDTH="4"
								       HEIGHT="31"
								       GC="1.0">
								</Glyph>
								<Glyph ID="char_615" 
								       CONTENT="l"
								       HPOS="918"
								       VPOS="1103"
								       WIDTH="0"
								       HEIGHT="31"
								       GC="0.9995">
								</Glyph>
								<Glyph ID="char_616" 
								       CONTENT="l"
								       HPOS="925"
								       VPOS="1103"
								       WIDTH="0"
								       HEIGHT="31"
								       GC="1.0">
								</Glyph>
								<Glyph ID="char_617" 
								       CONTENT="i"
								       HPOS="936"
								       VPOS="1103"
								       WIDTH="0"
								       HEIGHT="31"
								       GC="0.9866">
								</Glyph>
								<Glyph ID="char_618" 
								       CONTENT="c"
								       HPOS="947"
								       VPOS="1103"
								       WIDTH="4"
								       HEIGHT="31"
								       GC="1.0">
								</Glyph>
								<Glyph ID="char_619" 
								       CONTENT="i"
								       HPOS="958"
								       VPOS="1103"
								       WIDTH="4"
								       HEIGHT="31"
								       GC="1.0">
								</Glyph>
								<Glyph ID="char_620" 
								       CONTENT="u"
								       HPOS="969"
								       VPOS="1103"
								       WIDTH="4"
								       HEIGHT="31"
								       GC="1.0">
								</Glyph>
								<Glyph ID="char_621" 
								       CONTENT="s"
								       HPOS="988"
								       VPOS="1103"
								       WIDTH="0"
								       HEIGHT="31"
								       GC="0.9985">
								</Glyph>
							</String>
							<SP ID="segment_180"
							    HPOS="995" 
							    VPOS="1103"
							    WIDTH="4" 
							    HEIGHT="31"/>
							<String ID="segment_181"
								CONTENT="an" 
								HPOS="1010" 
								VPOS="1103"
								WIDTH="15" 
								HEIGHT="31" 
								WC="1.0">
								<Glyph ID="char_623" 
								       CONTENT="a"
								       HPOS="1010"
								       VPOS="1103"
								       WIDTH="0"
								       HEIGHT="31"
								       GC="0.9999">
								</Glyph>
								<Glyph ID="char_624" 
								       CONTENT="n"
								       HPOS="1025"
								       VPOS="1103"
								       WIDTH="0"
								       HEIGHT="31"
								       GC="1.0">
								</Glyph>
							</String>
							<SP ID="segment_182"
							    HPOS="1036" 
							    VPOS="1103"
							    WIDTH="3" 
							    HEIGHT="31"/>
							<String ID="segment_183"
								CONTENT="Bullinger," 
								HPOS="1054" 
								VPOS="1103"
								WIDTH="117" 
								HEIGHT="31" 
								WC="1.0">
								<Glyph ID="char_626" 
								       CONTENT="B"
								       HPOS="1054"
								       VPOS="1103"
								       WIDTH="4"
								       HEIGHT="31"
								       GC="1.0">
								</Glyph>
								<Glyph ID="char_627" 
								       CONTENT="u"
								       HPOS="1069"
								       VPOS="1103"
								       WIDTH="3"
								       HEIGHT="31"
								       GC="1.0">
								</Glyph>
								<Glyph ID="char_628" 
								       CONTENT="l"
								       HPOS="1087"
								       VPOS="1103"
								       WIDTH="0"
								       HEIGHT="31"
								       GC="1.0">
								</Glyph>
								<Glyph ID="char_629" 
								       CONTENT="l"
								       HPOS="1094"
								       VPOS="1103"
								       WIDTH="0"
								       HEIGHT="31"
								       GC="1.0">
								</Glyph>
								<Glyph ID="char_630" 
								       CONTENT="i"
								       HPOS="1105"
								       VPOS="1103"
								       WIDTH="0"
								       HEIGHT="31"
								       GC="1.0">
								</Glyph>
								<Glyph ID="char_631" 
								       CONTENT="n"
								       HPOS="1116"
								       VPOS="1103"
								       WIDTH="0"
								       HEIGHT="31"
								       GC="1.0">
								</Glyph>
								<Glyph ID="char_632" 
								       CONTENT="g"
								       HPOS="1135"
								       VPOS="1103"
								       WIDTH="3"
								       HEIGHT="31"
								       GC="1.0">
								</Glyph>
								<Glyph ID="char_633" 
								       CONTENT="e"
								       HPOS="1149"
								       VPOS="1103"
								       WIDTH="0"
								       HEIGHT="31"
								       GC="1.0">
								</Glyph>
								<Glyph ID="char_634" 
								       CONTENT="r"
								       HPOS="1160"
								       VPOS="1103"
								       WIDTH="4"
								       HEIGHT="31"
								       GC="1.0">
								</Glyph>
								<Glyph ID="char_635" 
								       CONTENT=","
								       HPOS="1171"
								       VPOS="1103"
								       WIDTH="0"
								       HEIGHT="31"
								       GC="1.0">
								</Glyph>
							</String>
							<SP ID="segment_184"
							    HPOS="1175" 
							    VPOS="1103"
							    WIDTH="4" 
							    HEIGHT="31"/>
							<String ID="segment_185"
								CONTENT="2." 
								HPOS="1193" 
								VPOS="1103"
								WIDTH="11" 
								HEIGHT="31" 
								WC="0.9997">
								<Glyph ID="char_637" 
								       CONTENT="2"
								       HPOS="1193"
								       VPOS="1103"
								       WIDTH="0"
								       HEIGHT="31"
								       GC="0.9994">
								</Glyph>
								<Glyph ID="char_638" 
								       CONTENT="."
								       HPOS="1204"
								       VPOS="1103"
								       WIDTH="0"
								       HEIGHT="31"
								       GC="1.0">
								</Glyph>
							</String>
							<SP ID="segment_186"
							    HPOS="1208" 
							    VPOS="1103"
							    WIDTH="7" 
							    HEIGHT="31"/>
							<String ID="segment_187"
								CONTENT="September" 
								HPOS="1226" 
								VPOS="1103"
								WIDTH="140" 
								HEIGHT="31" 
								WC="0.9727">
								<Glyph ID="char_640" 
								       CONTENT="S"
								       HPOS="1226"
								       VPOS="1103"
								       WIDTH="4"
								       HEIGHT="31"
								       GC="1.0">
								</Glyph>
								<Glyph ID="char_641" 
								       CONTENT="e"
								       HPOS="1245"
								       VPOS="1103"
								       WIDTH="0"
								       HEIGHT="31"
								       GC="0.9611">
								</Glyph>
								<Glyph ID="char_642" 
								       CONTENT="p"
								       HPOS="1256"
								       VPOS="1103"
								       WIDTH="3"
								       HEIGHT="31"
								       GC="1.0">
								</Glyph>
								<Glyph ID="char_643" 
								       CONTENT="t"
								       HPOS="1274"
								       VPOS="1103"
								       WIDTH="4"
								       HEIGHT="31"
								       GC="0.9998">
								</Glyph>
								<Glyph ID="char_644" 
								       CONTENT="e"
								       HPOS="1289"
								       VPOS="1103"
								       WIDTH="0"
								       HEIGHT="31"
								       GC="0.9999">
								</Glyph>
								<Glyph ID="char_645" 
								       CONTENT="m"
								       HPOS="1303"
								       VPOS="1103"
								       WIDTH="0"
								       HEIGHT="31"
								       GC="0.9999">
								</Glyph>
								<Glyph ID="char_646" 
								       CONTENT="b"
								       HPOS="1329"
								       VPOS="1103"
								       WIDTH="0"
								       HEIGHT="31"
								       GC="0.8135">
								</Glyph>
								<Glyph ID="char_647" 
								       CONTENT="e"
								       HPOS="1347"
								       VPOS="1103"
								       WIDTH="4"
								       HEIGHT="31"
								       GC="0.9797">
								</Glyph>
								<Glyph ID="char_648" 
								       CONTENT="r"
								       HPOS="1362"
								       VPOS="1103"
								       WIDTH="4"
								       HEIGHT="31"
								       GC="1.0">
								</Glyph>
							</String>
							<SP ID="segment_188"
							    HPOS="1369" 
							    VPOS="1103"
							    WIDTH="8" 
							    HEIGHT="31"/>
							<String ID="segment_189"
								CONTENT="1553," 
								HPOS="1388" 
								VPOS="1103"
								WIDTH="62" 
								HEIGHT="31" 
								WC="0.9677">
								<Glyph ID="char_650" 
								       CONTENT="1"
								       HPOS="1388"
								       VPOS="1103"
								       WIDTH="0"
								       HEIGHT="31"
								       GC="0.9981">
								</Glyph>
								<Glyph ID="char_651" 
								       CONTENT="5"
								       HPOS="1406"
								       VPOS="1103"
								       WIDTH="0"
								       HEIGHT="31"
								       GC="0.9955">
								</Glyph>
								<Glyph ID="char_652" 
								       CONTENT="5"
								       HPOS="1421"
								       VPOS="1103"
								       WIDTH="0"
								       HEIGHT="31"
								       GC="1.0">
								</Glyph>
								<Glyph ID="char_653" 
								       CONTENT="3"
								       HPOS="1436"
								       VPOS="1103"
								       WIDTH="3"
								       HEIGHT="31"
								       GC="1.0">
								</Glyph>
								<Glyph ID="char_654" 
								       CONTENT=","
								       HPOS="1450"
								       VPOS="1103"
								       WIDTH="0"
								       HEIGHT="31"
								       GC="0.8451">
								</Glyph>
							</String>
							<SP ID="segment_190"
							    HPOS="1454" 
							    VPOS="1103"
							    WIDTH="4" 
							    HEIGHT="31"/>
							<String ID="segment_191"
								CONTENT="auf" 
								HPOS="1469" 
								VPOS="1103"
								WIDTH="33" 
								HEIGHT="31" 
								WC="0.9999">
								<Glyph ID="char_656" 
								       CONTENT="a"
								       HPOS="1469"
								       VPOS="1103"
								       WIDTH="3"
								       HEIGHT="31"
								       GC="1.0">
								</Glyph>
								<Glyph ID="char_657" 
								       CONTENT="u"
								       HPOS="1483"
								       VPOS="1103"
								       WIDTH="4"
								       HEIGHT="31"
								       GC="1.0">
								</Glyph>
								<Glyph ID="char_658" 
								       CONTENT="f"
								       HPOS="1498"
								       VPOS="1103"
								       WIDTH="4"
								       HEIGHT="31"
								       GC="0.9996">
								</Glyph>
							</String>
							<SP ID="segment_192"
							    HPOS="1509" 
							    VPOS="1103"
							    WIDTH="0" 
							    HEIGHT="31"/>
							<String ID="segment_193"
								CONTENT="S." 
								HPOS="1524" 
								VPOS="1103"
								WIDTH="11" 
								HEIGHT="31" 
								WC="0.9998">
								<Glyph ID="char_660" 
								       CONTENT="S"
								       HPOS="1524"
								       VPOS="1103"
								       WIDTH="0"
								       HEIGHT="31"
								       GC="1.0">
								</Glyph>
								<Glyph ID="char_661" 
								       CONTENT="."
								       HPOS="1535"
								       VPOS="1103"
								       WIDTH="0"
								       HEIGHT="31"
								       GC="0.9996">
								</Glyph>
							</String>
							<SP ID="segment_194"
							    HPOS="1538" 
							    VPOS="1103"
							    WIDTH="8" 
							    HEIGHT="31"/>
							<String ID="segment_195"
								CONTENT="69-71" 
								HPOS="1557" 
								VPOS="1103"
								WIDTH="62" 
								HEIGHT="31" 
								WC="0.9998">
								<Glyph ID="char_663" 
								       CONTENT="6"
								       HPOS="1557"
								       VPOS="1103"
								       WIDTH="3"
								       HEIGHT="31"
								       GC="1.0">
								</Glyph>
								<Glyph ID="char_664" 
								       CONTENT="9"
								       HPOS="1571"
								       VPOS="1103"
								       WIDTH="0"
								       HEIGHT="31"
								       GC="1.0">
								</Glyph>
								<Glyph ID="char_665" 
								       CONTENT="-"
								       HPOS="1586"
								       VPOS="1103"
								       WIDTH="0"
								       HEIGHT="31"
								       GC="1.0">
								</Glyph>
								<Glyph ID="char_666" 
								       CONTENT="7"
								       HPOS="1601"
								       VPOS="1103"
								       WIDTH="0"
								       HEIGHT="31"
								       GC="0.999">
								</Glyph>
								<Glyph ID="char_667" 
								       CONTENT="1"
								       HPOS="1619"
								       VPOS="1103"
								       WIDTH="0"
								       HEIGHT="31"
								       GC="1.0">
								</Glyph>
							</String>
					</TextLine>
				</TextBlock>
			</PrintSpace>
		</Page>
	</Layout>
</alto>