2466 1740
583 758 88 34 Regest

846 365 130 48 [14169]
1002 365 114 48 (undat.
1158 365 72 48 Brief
1262 365 301 48 63)-eigentlich
1609 365 120 48 Zeitung

884 456 275 61 [Ambrosius
1213 456 127 61 Blarer
1374 456 33 61 an
1468 456 221 61 Bullinger]

699 535 140 51 [Beilage
874 535 20 51 zu
934 535 75 51 einem
1069 535 75 51 Brief
1179 535 70 51 Ende
1290 535 180 51 September
1500 535 75 51 1544
1610 535 65 51 oder
1705 535 170 51 spater]:::1

845 585 194 51 Autograph:
1077 585 94 51 Ziirich
1216 585 66 51 StA,
1321 585 0 51 E
1354 585 16 51 II
1404 585 66 51 441,
1503 585 22 51 10
1558 585 177 51 (Siegel..)

1194 639 199 44 Ungedruckt

581 829 150 50 Nachdem
776 829 35 50 ich
856 829 20 50 am
926 829 180 50 herabryten
1151 829 40 50 den
1231 829 65 50 weg
1332 829 190 50 geschifften
1557 829 60 50 halb
1662 829 60 50 auff
1762 829 160 50 Ougspurg
1957 829 45 50 ge-

586 879 122 49 nomen,
730 879 36 49 ist
789 879 54 49 mir
866 879 49 49 von
951 879 77 49 ainer
1055 879 203 49 vertrauwten
1289 879 122 49 person,
1443 879 36 49 die
1506 879 49 49 nitt
1587 879 117 49 gerings
1731 879 153 49 ansehens
1911 879 45 49 ist,
1979 879 18 49 in

588 929 101 55 gehaim
743 929 164 55 vertrauwt
941 929 58 55 und
1038 929 121 55 anzaigt
1188 929 141 55 worden,
1372 929 39 55 das
1455 929 106 55 gewiss
1595 929 63 55 war
1692 929 53 55 sein
1789 929 53 55 sol,
1881 929 44 55 das
1968 929 34 55 die

582 980 230 53 bipstischs[l]
847 980 150 53 hailikait,
1042 980 40 53 der
1117 980 125 53 romisch
1292 980 110 53 kayser
1437 980 60 53 und
1532 980 90 53 kiinig
1657 980 20 53 in
1722 980 165 53 Hispania,
1927 980 65 53 ouch

541 1030 5 51 s
594 1030 218 51 Ffr[ank]reich
846 1030 97 51 sampt
977 1030 38 51 den
1054 1030 179 51 gaistlichen
1267 1030 189 51 churfiirsten
1490 1030 58 51 und
1572 1030 107 51 andern
1713 1030 48 51 etc.
1790 1030 34 51 ain
1863 1030 140 51 gehaime

583 1080 135 53 puntnus
756 1080 149 53 gemacht,
947 1080 33 53 die
1013 1080 173 53 luterschen
1223 1080 61 53 leer
1312 1080 18 53 im
1386 1080 94 53 grund
1508 1080 23 53 zu
1569 1080 168 53 vertilcken
1774 1080 61 53 und
1872 1080 38 53 dem
1966 1080 37 53 ro-

584 1130 136 45 mischen
758 1130 54 45 stflil
841 1130 334 45 wideruffzehelffen;
1209 1130 58 45 und
1296 1130 44 45 sol
1364 1130 20 45 ir
1418 1130 155 45 firnaimen
1611 1130 63 45 syn,
1713 1130 34 45 die
1781 1130 58 45 sach
1888 1130 111 45 erstlich

585 1180 63 46 mitt
684 1180 135 46 Schotten
855 1180 216 46 furzenemen,
1107 1180 118 46 darnach
1261 1180 63 46 mitt
1360 1180 40 46 den
1441 1180 221 46 Schweitzern,
1689 1180 99 46 welhe
1820 1180 18 46 sy
1874 1180 130 46 vermai-

589 1230 47 45 nen
669 1230 131 45 lichtlich
842 1230 79 45 selbs
954 1230 19 45 an
1015 1230 159 45 ainandern
1216 1230 23 45 ze
1272 1230 103 45 hetzen
1412 1230 75 45 sein,
1515 1230 56 45 und
1604 1230 19 45 sy
1670 1230 60 45 dann
1772 1230 61 45 mitt
1861 1230 66 45 vyle
1969 1230 37 45 der

530 1280 14 46 1o
586 1280 233 46 handschitzen
861 1280 28 46 ze
917 1280 201 46 iibersetzen,
1155 1280 56 46 und
1244 1280 80 46 achte
1361 1280 79 46 man,
1478 1280 18 46 es
1534 1280 46 46 sye
1622 1280 33 46 die
1688 1280 107 46 pratic,
1837 1280 42 46 das
1921 1280 75 46 durch

587 1331 102 52 solhen
727 1331 150 52 anschlag
916 1331 155 52 Francrych
1110 1331 29 52 uB
1177 1331 44 52 den
1260 1331 116 52 grossen
1415 1331 169 52 pensionen
1618 1331 58 52 und
1705 1331 121 52 jargelt,
1860 1331 63 52 ouch
1962 1331 43 52 an-

596 1381 58 48 dern
683 1381 227 48 beschwerden
944 1381 53 48 sich
1036 1381 63 48 mitt
1128 1381 97 48 solhen
1264 1381 82 48 fgen
1385 1381 29 48 uB
1452 1381 44 48 der
1520 1381 242 48 aidgnoschafft
1791 1381 102 48 ziehen
1927 1381 82 48 well.

590 1431 159 52 Volgends
782 1431 98 52 werde
913 1431 61 52 man
1011 1431 19 52 in
1067 1431 71 52 aller
1170 1431 84 52 unriw
1311 1431 32 52 ain
1385 1431 155 52 concilium
1591 1431 126 52 ansehen
1759 1431 57 52 und
1853 1431 154 52 dasselbig

591 1480 178 52 understeen
806 1480 61 52 mitt
900 1480 89 52 gwalt
1012 1480 19 52 in
1068 1480 154 52 schneller
1250 1480 24 52 yl
1302 1480 28 52 zu
1358 1480 187 52 bestaittigen
1582 1480 56 52 und
1667 1480 23 52 zu
1723 1480 196 52 volziehen.'
