2469 3516
491 224 314 76 Bayerische

492 293 448 58 StaatsBibliothek

313 614 118 41 VD16
477 614 7 41 L
524 614 85 41 1569

323 675 159 50 Pincier,
516 675 204 50 Johannes

1121 219 399 78 ]Miinchener
1564 219 683 78 DigitalisierungsZentrum

1221 222 294 43 iichener
1560 222 50 43 T)i

1110 296 0 62 I
1156 296 138 62 Digitale
1326 296 178 62 Bibliothek

323 792 209 63 Syntagma
569 792 230 63 universae,
837 792 32 63 de
901 792 257 63 sacrosancta
1201 792 107 63 coena
1351 792 160 63 domini,
1543 792 220 63 sententiae

322 856 387 54 contreversiaeque

317 1040 180 52 [Zurich]
531 1040 70 52 [ca.
635 1040 111 52 1560]

325 1102 234 42 Res/Polem.
596 1102 93 42 3126
719 1102 7 42 a

1264 938 646 120 e---P--c

1982 1026 290 73 ee-ye--

1156 2293 189 52 Copyright

1949 1089 43 66 l-.
2083 1089 212 66 -i/t,ese

220 2383 39 51 Das
298 2383 139 51 Copyright
463 2383 34 51 fiir
523 2383 48 51 alle
597 2383 252 51 Webdokumente,
870 2383 200 51 insbesondere
1100 2383 35 51 fr
1165 2383 43 51 Bil-
1282 2383 43 51 The
1356 2383 160 51 Bayerische
1542 2383 234 51 Staatsbibliothek
1807 2383 91 51 (BSB)
1924 2383 69 51 owns
2015 2383 34 51 the
2080 2383 138 51 copyright
2240 2383 35 51 for

220 2432 39 51 der,
290 2432 60 51 liegt
376 2432 44 51 bei
454 2432 35 51 der
524 2432 174 51 Bayerischen
741 2432 252 51 Staatsbibliothek.
1032 2432 52 51 Eine
1123 2432 87 51 Folge-
1279 2432 26 51 all
1323 2432 52 51 web
1410 2432 165 51 documents,
1596 2432 13 51 in
1635 2432 148 51 particular
1800 2432 39 51 for
1861 2432 26 51 all
1905 2432 112 51 images.
2044 2432 43 51 Any
2117 2432 100 51 further
2235 2432 39 51 use

211 2481 171 51 verwertung
407 2481 42 51 von
478 2481 255 51 Webdokumenten
762 2481 29 51 ist
816 2481 46 51 nur
883 2481 46 51 mit
958 2481 188 51 Zustimmung
1175 2481 38 51 der
1280 2481 20 51 of
1321 2481 42 51 the
1384 2481 50 51 web
1472 2481 154 51 documents
1655 2481 13 51 is
1697 2481 100 51 subject
1822 2481 17 51 to
1868 2481 38 51 the
1931 2481 129 51 approval
2085 2481 21 51 of
2127 2481 41 51 the
2198 2481 79 51 Baye-

220 2529 174 52 Bayerischen
428 2529 231 52 Staatsbibliothek
693 2529 61 52 bzw.
789 2529 35 52 des
854 2529 87 52 Autors
967 2529 130 52 moglich.
1132 2529 78 52 Exter-
1279 2529 83 52 rische
1392 2529 235 52 Staatsbibliothek
1657 2529 91 52 and/or
1770 2529 39 52 the
1835 2529 100 52 author.
1965 2529 118 52 External
2104 2529 65 52 links
2195 2529 18 52 to
2239 2529 35 52 the

213 2576 22 59 ne
271 2576 72 59 Links
370 2576 41 59 auf
438 2576 27 59 die
497 2576 139 59 Angebote
663 2576 54 59 sind
740 2576 189 59 ausdruicklich
965 2576 158 59 erwuinscht.
1159 2576 50 59 Eine
1281 2576 63 59 offer
1371 2576 18 59 of
1412 2576 36 59 the
1479 2576 50 59 BSB
1560 2576 36 59 are
1623 2576 127 59 expressly
1781 2576 149 59 welcome.
1952 2576 145 59 However,
2115 2576 13 59 it
2151 2576 13 59 is
2187 2576 90 59 illegal

213 2626 204 50 unautorisierte
453 2626 168 50 Ubernahme
649 2626 92 50 ganzer
769 2626 80 50 Seiten
885 2626 56 50 oder
969 2626 92 50 ganzer
1093 2626 116 50 Beitriige
1278 2626 16 50 to
1326 2626 56 50 copy
1414 2626 88 50 whole
1530 2626 80 50 pages
1642 2626 20 50 or
1690 2626 132 50 complete
1850 2626 104 50 articles
1986 2626 16 50 or
2030 2626 64 50 parts
2126 2626 20 50 of
2170 2626 104 50 articles

216 2673 59 53 oder
308 2673 179 53 Beitragsteile
516 2673 25 53 ist
575 2673 112 53 dagegen
721 2673 70 53 nicht
816 2673 130 53 zulassig.
979 2673 37 53 Fiir
1046 2673 166 53 nicht-kom-
1275 2673 112 53 without
1408 2673 71 53 prior
1500 2673 208 53 authorisation.
1737 2673 75 53 Some
1833 2673 154 53 individual
2008 2673 138 53 materials
2166 2673 50 53 may
2246 2673 25 53 be

213 2722 134 52 merzielle
376 2722 304 52 Ausbildungszwecke
701 2722 100 52 knnen
834 2722 117 52 einzelne
972 2722 170 52 Materialien
1167 2722 42 52 ko-
1280 2722 92 52 copied
1392 2722 38 52 for
1451 2722 250 52 non-commercial
1726 2722 171 52 educational
1913 2722 142 52 purposes,
2076 2722 129 52 provided
2226 2722 50 52 that

213 2769 63 54 piert
297 2769 117 54 werden,
439 2769 108 54 solange
572 2769 134 54 eindeutig
739 2769 29 54 die
797 2769 213 54 Urheberschaft
1040 2769 33 54 der
1098 2769 108 54 Autoren
1277 2769 38 54 the
1340 2769 146 54 authorship
1519 2769 21 54 of
1557 2769 38 54 the
1620 2769 133 54 author(s)
1778 2769 17 54 or
1820 2769 21 54 of
1857 2769 42 54 the
1928 2769 159 54 Bayerische
2112 2769 167 54 Staatsbibli-

213 2823 63 48 bzw.
305 2823 33 48 der
363 2823 175 48 Bayerischen
572 2823 233 48 Staatsbibliothek
834 2823 129 48 kenntlich
997 2823 121 48 gemacht
1139 2823 70 48 wird.
1280 2823 67 48 othek
1376 2823 17 48 is
1414 2823 137 48 indicated
1572 2823 242 48 unambiguously.

222 2888 52 53 Eine
305 2888 173 53 Verwertung
500 2888 48 53 von
582 2888 244 53 urheberrechtlich
865 2888 169 53 geschitzten
1077 2888 131 53 Beitraigen
1290 2888 87 53 Unless
1394 2888 135 53 provided
1551 2888 143 53 otherwise
1711 2888 26 53 by
1763 2888 35 53 the
1824 2888 139 53 copyright
1985 2888 52 53 law,
2054 2888 18 53 it
2089 2888 13 53 is
2124 2888 91 53 illegal
2232 2888 48 53 and

214 2936 50 54 und
289 2936 184 54 Abbildungen
510 2936 33 54 der
568 2936 42 54 auf
639 2936 34 54 den
706 2936 104 54 Servern
848 2936 33 54 der
910 2936 175 54 Bayerischen
1118 2936 92 54 Staats-
1277 2936 50 54 may
1356 2936 29 54 be
1406 2936 167 54 prosecuted
1593 2936 21 54 as
1643 2936 0 54 a
1668 2936 163 54 punishable
1860 2936 104 54 offence
1985 2936 21 54 to
2031 2936 42 54 use
2098 2936 179 54 copyrighted

214 2987 144 48 bibliothek
386 2987 181 48 befindlichen
599 2987 92 48 Daten,
707 2987 200 48 insbesondere
935 2987 68 48 durch
1035 2987 180 48 Vervielflti-
1284 2987 100 48 articles
1412 2987 48 48 and
1488 2987 228 48 representations
1748 2987 20 48 of
1792 2987 40 48 the
1864 2987 48 48 data
1944 2987 89 48 stored
2061 2987 20 48 on
2113 2987 36 48 the
2177 2987 100 48 servers

218 3034 63 53 gung
310 3034 59 53 oder
389 3034 188 53 Verbreitung,
598 3034 29 53 ist
652 3034 63 53 ohne
736 3034 146 53 vorherige
907 3034 166 53 schriftliche
1107 3034 104 53 Zustim-
1282 3034 21 53 of
1324 3034 37 53 the
1395 3034 158 53 Bayerische
1582 3034 251 53 Staatsbibliothek,
1858 3034 12 53 in
1899 3034 142 53 particular
2062 3034 25 53 by
2120 3034 113 53 copying
2262 3034 17 53 or

215 3081 79 54 mung
320 3081 34 54 der
380 3081 174 54 Bayerischen
584 3081 235 54 Staatsbibliothek
849 3081 157 54 unzulissig
1027 3081 48 54 und
1097 3081 117 54 strafbar,
1288 3081 204 54 disseminating
1518 3081 78 54 them,
1622 3081 113 54 without
1757 3081 39 54 the
1822 3081 69 54 prior
1913 3081 100 54 written
2043 3081 130 54 approval
2199 3081 22 54 of
2243 3081 35 54 the

219 3131 92 50 soweit
332 3131 42 50 sich
403 3131 41 50 aus
474 3131 33 50 dem
553 3131 308 50 Urheberrechtsgesetz
882 3131 83 50 nichts
990 3131 109 50 anderes
1124 3131 87 50 ergibt.
1286 3131 158 50 Bayerische
1478 3131 254 50 Staatsbibliothek.
1757 3131 12 50 It
1794 3131 17 50 is
1836 3131 17 50 in
1882 3131 146 50 particular
2049 3131 91 50 illegal
2165 3131 17 50 to
2211 3131 63 50 store

216 3177 196 53 Insbesondere
437 3177 25 53 ist
487 3177 51 53 eine
571 3177 229 53 Einspeicherung
825 3177 59 53 oder
909 3177 192 53 Verarbeitung
1122 3177 16 53 in
1172 3177 42 53 Da-
1285 3177 20 53 or
1322 3177 109 53 process
1456 3177 37 53 any
1531 3177 46 53 data
1598 3177 16 53 in
1648 3177 46 53 data
1723 3177 112 53 systems
1856 3177 113 53 without
1990 3177 37 53 the
2052 3177 126 53 approval
2203 3177 21 53 of
2240 3177 38 53 the

215 3232 180 47 tensystemen
432 3232 63 47 ohne
528 3232 188 47 Zustimmung
749 3232 33 47 der
816 3232 175 47 Bayerischen
1028 3232 184 47 Staatsbiblio-
1287 3232 158 47 Bayerische
1475 3232 250 47 Staatsbibliothek.

215 3290 51 37 thek
295 3290 169 37 unzulissig.
