2469 3523
527 490 85 50 navi,
652 490 140 50 quosdam
847 490 71 50 vero
958 490 20 50 in
1023 490 155 50 meliorem
1233 490 195 50 intellectum
1483 490 125 50 restitui
1648 490 266 50 emendavique,
1949 490 110 50 plures

459 545 21 49 zo
526 545 104 49 adieci
656 545 181 49 prioribus,
868 545 20 49 ut
914 545 47 49 iam
1012 545 73 49 opus
1111 545 72 49 plus
1219 545 73 49 quam
1338 545 155 49 trecentis
1519 545 186 49 idiotismis
1736 545 228 49 locupletatum
2015 545 42 49 sit.

524 594 98 55 Verum
674 594 62 55 tuis
772 594 170 55 laboribus
979 594 243 55 sanctissimis'
1263 594 155 55 debemus
1454 594 114 55 multa,
1609 594 47 55 qui
1687 594 124 55 auxilio
1847 594 108 55 nobis'
1992 594 67 55 fue-

527 648 74 56 runt.
633 648 86 56 Mihi
751 648 42 56 iam
841 648 91 56 licuit
964 648 53 56 per
1049 648 139 56 ocium;'
1220 648 139 56 adhaec'
1391 648 235 56 Westhemero
1658 648 208 56 bibliotheca
1908 648 38 56 est
1978 648 80 56 opti-

527 710 52 39 mis
610 710 88 39 libris
729 710 280 39 instructissima.

578 759 58 55 Sed
663 759 27 55 ]I%
791 759 81 55 heus
904 759 42 55 tu,
978 759 43 55 mi
1064 759 203 55 Bullingere,
1304 759 43 55 qui
1384 759 43 55 fit,
1465 759 21 55 ut
1529 759 107 55 doctor
1684 759 160 55 Gesnerus
1881 759 43 55 sui
1956 759 102 55 West-

463 814 16 55 2s
520 814 130 55 hemeri
681 814 72 55 adeo
795 814 129 55 oblitus,
955 814 26 55 ut
1012 814 52 55 nec
1095 814 130 55 verbuli
1251 814 20 55 in
1318 814 228 55 Bibliotheca'
1572 814 129 55 unquam
1753 814 207 55 meminerit,
1991 814 47 55 cum

527 869 133 55 cuilibet
703 869 75 55 etiam
842 869 144 55 gregario
1029 869 214 55 typographo
1296 869 176 55 Basiliensi
1510 869 229 55 praefationem
1809 869 251 55 dedicaveritlt

532 930 166 48 Testantur
719 930 150 48 profecto
901 930 75 48 libri
997 930 22 48 in
1051 930 155 48 publicum
1260 930 74 48 editi
1361 930 80 48 meis
1468 930 262 48 typographicis
1757 930 177 48 laboribus
1966 930 96 48 chris-

521 984 107 49 tianae
661 984 185 49 sacraeque
880 984 203 49 reipublicae
1122 984 150 49 nunquam
1330 984 160 49 defuisse,
1519 984 63 49 imo
1616 984 126 49 iuvisse
1781 984 73 49 etiam
1907 984 155 49 nonnun-

531 1039 70 48 quam
656 1039 121 48 iactura
822 1039 85 48 rerum
962 1039 166 48 mearum.
1173 1039 160 48 Praeterea
1378 1039 105 48 neque
1524 1039 155 48 meminit
1714 1039 20 48 in
1789 1039 206 48 Bibliotheca
2045 1039 15 48 d.

457 1088 22 55 3o
538 1088 155 55 Gesnerus
736 1088 155 55 Troporum
944 1088 48 55 aut
1035 1088 316 55 Conciliationum''
1383 1088 107 55 patrum
1548 1088 118 55 operis,
1704 1088 69 55 quum
1832 1088 16 55 d.
1891 1088 166 55 Zvinglius

525 1149 220 44 felicissimae
780 1149 186 44 memoriae
1001 1149 20 44 et
1051 1149 255 44 resurrectionis
1341 1149 140 44 futurae,
1511 1149 90 44 meus
1636 1149 151 44 summus
1822 1149 125 44 amicus
1982 1149 55 44 olim

526 1203 21 50 et
583 1203 93 50 frater
718 1203 217 50 charissimus
971 1203 20 50 in
1043 1203 145 50 domino,
1219 1203 134 50 publica
1389 1203 145 50 lectione
1570 1203 196 50 theologica
1808 1203 155 50 audiente
2009 1203 47 50 Le-

526 1253 117 55 onardo
686 1253 261 55 Hospiniano,''
984 1253 123 55 optimo
1144 1253 80 55 viro,
1272 1253 145 55 Troposl'
1459 1253 310 55 commendaverit,
1811 1253 150 55 quamvis
1998 1253 53 55 ego

520 1308 55 54 hos
615 1308 156 54 centones
806 1308 45 54 seu
886 1308 206 54 rapsodias''
1127 1308 20 54 et
1177 1308 90 54 picam
1322 1308 20 54 ex
1382 1308 106 54 alieno
1528 1308 115 54 sudore
1678 1308 130 54 ornatam
1858 1308 201 54 agnoscam.

457 1368 20 44 3s
527 1368 60 44 Sed
622 1368 71 44 satis
733 1368 165 44 iocorum.
938 1368 65 44 Non
1043 1368 76 44 licet
1159 1368 195 44 christiano,
1389 1368 111 44 taceam
1560 1368 160 44 ecclesiae
1760 1368 171 44 ministro,
1966 1368 90 44 rebus

521 1422 93 53 vanis
645 1422 21 53 et
697 1422 150 53 perituris
883 1422 140 53 gaudere
1054 1422 46 53 aut
1136 1422 181 53 superbire,
1348 1422 94 53 verum
1493 1422 21 53 in
1550 1422 93 53 cruce
1679 1422 124 53 domini
1834 1422 63 53 Iesu
1943 1422 114 53 Christi

527 1471 176 56 gloriari,''
732 1471 23 56 ut
785 1471 23 56 in
843 1471 47 56 illo
925 1471 211 56 reperiatur.'

518 1676 0 43 `
542 1676 76 43 nobis
646 1676 56 43 nach
738 1676 184 43 gestrichenem
962 1676 76 43 mihi.
1058 1676 12 43 -
1118 1676 100 43 adhaec
1246 1676 60 43 nach
1342 1676 184 43 gestrichenem
1570 1676 24 43 et.

588 1768 122 42 Gemeint
732 1768 59 42 sind
823 1768 149 42 Bullingers
999 1768 145 42 Schriften.

586 1814 22 32 Er
634 1814 52 32 war
712 1814 52 32 also
798 1814 70 32 nicht
894 1814 73 32 mehr
1002 1814 95 32 Pfarrer
1123 1814 18 32 in
1175 1814 70 32 Mul-

578 1860 92 30 house.

586 1905 39 39 Die
673 1905 86 39 darauf
798 1905 143 39 folgenden
993 1905 104 39 Angabe
1141 1905 104 39 zeigen,

586 1950 50 41 dass
657 1950 54 41 hier
736 1950 67 41 nicht
828 1950 58 41 etwa
924 1950 121 41 Gessners
1079 1950 163 41 Bibliotheca

578 1994 165 40 universalis
771 1994 52 40 sive
851 1994 137 40 catalogus
1020 1994 104 40 omnium
1169 1994 80 40 scrip-

578 2039 71 40 torum
695 2039 250 40 locupletissimus,
974 2039 17 40 in
1024 2039 79 40 tribus
1132 2039 113 40 linguis,

587 2083 94 36 Latina,
721 2083 104 36 Graeca,
861 2083 18 36 et
911 2083 130 36 Hebraica
1073 2083 31 36 .,
1145 2083 98 36 Ziirich,

587 2129 132 39 Christoph
794 2129 169 39 Froschauer,
1028 2129 61 39 1545
1150 2129 94 39 (D16

588 2173 99 38 G1698;
729 2173 52 38 BZD
828 2173 89 38 C350),
945 2173 14 38 im
1006 2173 117 38 welchem
1175 2173 66 38 Werk

577 2218 184 37 Westheimer
786 2218 50 37 und
861 2218 71 37 seine
962 2218 125 37 Schriften
1120 2218 63 37 (u.a.
1217 2218 29 37 die

574 2264 113 39 ,ITropi''
709 2264 48 39 wie
787 2264 57 39 auch
883 2264 30 39 die
939 2264 74 39 unten
1044 2264 43 39 bei
1118 2264 73 39 Anm.
1222 2264 22 39 ll

582 2305 130 40 erwihnte
738 2305 222 40 ,,Conciliatio`')
986 2305 74 40 unter
1082 2305 165 40 ,,Bartholo-

577 2353 95 39 mius'
699 2353 36 39 auf
762 2353 9 39 f.
803 2353 180 39 135v.-136r.
1009 2353 144 39 angefihrt
1181 2353 62 39 sind,

581 2397 109 39 sondern
740 2397 121 39 Gessners
894 2397 179 39 ,,Partitiones
1106 2397 138 39 theologi-

580 2443 52 31 cae.
668 2443 181 31 Pandectarum
897 2443 184 31 universalium
1130 2443 20 31 ...
1182 2443 64 31 liber

578 2487 131 38 ultimus'
733 2487 93 38 (VD16
864 2487 98 38 G1700)
995 2487 28 38 die
1047 2487 19 38 in
1103 2487 80 38 Zirich
1216 2487 14 38 im

585 2533 122 39 PFrihling
738 2533 60 39 1549
829 2533 152 39 erschienen
1012 2533 100 39 waren.

586 2577 39 42 Die
669 2577 182 42 ,,Partitiones
895 2577 195 42 theologicae''
1133 2577 105 42 wurden

581 2622 109 31 nimlich
732 2622 45 31 von
832 2622 108 31 Gessner
982 2622 33 31 den
1057 2622 88 31 basler
1186 2622 59 31 Dru-

581 2665 71 40 ckern
686 2665 187 40 Hieronymus
911 2665 88 40 Froben
1032 2665 50 40 und
1111 2665 134 40 Nikolaus

587 2710 157 39 Episcopius
798 2710 154 39 gewidmet.
1006 2710 40 39 Die
1091 2710 153 39 Widmung

577 2755 64 39 traigt
663 2755 32 39 ist
717 2755 40 39 auf
780 2755 135 39 ,,Februar
942 2755 85 39 1549``
1059 2755 94 39 datiert.

535 2799 171 31 "Gemeint
731 2799 29 31 ist
790 2799 29 31 die
848 2799 67 31 1536
940 2799 42 31 zum
1028 2799 75 31 ersten
1132 2799 54 31 Mal
1216 2799 29 31 er-

582 2843 157 31 schienene:
779 2843 20 31 En
843 2843 84 31 damus
959 2843 84 31 lector
1075 2843 169 31 conciliatio-

581 2888 38 39 nem
669 2888 88 39 Sacrae
791 2888 150 39 Scripturae
971 2888 16 39 et
1017 2888 113 39 Patrum,
1151 2888 16 39 in
1205 2888 38 39 qua

1391 1770 34 39 est
1462 1770 113 39 cernere,
1617 1770 54 39 quid
1708 1770 172 39 sacrosancta
1917 1770 138 39 utriusque

1387 1814 174 32 instrumenti
1600 1814 79 32 Biblia
1713 1814 35 32 cum
1800 1814 135 32 Ecclesiae
1970 1814 87 32 docto-

1391 1860 34 41 rum
1471 1860 79 41 (quos
1580 1860 109 41 vocant)
1726 1860 126 41 doctrina,
1885 1860 59 41 quid
1973 1860 84 41 conci-

1388 1905 108 39 liorum,
1528 1905 120 39 sacrorum
1700 1905 144 39 canonum,
1876 1905 180 39 pontificum-

1395 1950 40 38 que
1467 1950 169 38 Romanorum
1684 1950 241 38 constitutionibus
1949 1950 24 38 ...
2001 1950 56 38 con-

1388 1994 112 41 veniens
1528 1994 192 41 communeve,
1749 1994 116 41 quidque
1889 1994 104 41 varians
2017 1994 40 41 ha-

1386 2039 71 35 beat,
1491 2039 84 35 Basel,
1612 2039 226 35 Bartholomaeus
1867 2039 193 35 Westheimer,

1392 2084 68 36 1536
1489 2084 107 36 (VD16,
1625 2084 131 36 W2223),
1794 2084 29 36 die
1857 2084 34 36 bis
1920 2084 20 36 im
1988 2084 68 36 Jahre

1392 2128 65 37 1540
1485 2128 108 37 (VD16,
1621 2128 121 37 W2225)
1775 2128 117 37 mehrere
1924 2128 131 37 Neufauf-

1387 2173 57 39 lage
1487 2173 96 39 erlebte
1626 2173 48 39 und
1722 2173 130 39 daraufhin
1905 2173 43 39 erst
1991 2173 66 39 1552

1388 2219 80 39 (ohne
1509 2219 147 39 genaueren
1706 2219 138 39 Angaben)
1881 2219 101 39 wieder
2023 2219 34 39 ge-

1392 2263 89 37 druckt
1505 2263 103 37 wurden
1641 2263 108 37 (VD16,
1772 2263 136 37 W2226).

1395 2308 21 31 Zu
1462 2308 79 31 diesem
1595 2308 151 31 Unterricht
1775 2308 67 31 wird
1872 2308 184 31 wahrschein-

1388 2353 42 38 lich
1472 2353 75 38 etwas
1576 2353 17 38 in
1630 2353 38 38 der
1693 2353 92 38 langen
1818 2353 234 38 biographischen

1397 2397 72 39 Anm.
1492 2397 22 39 zu
1550 2397 136 39 Leonhard
1713 2397 145 39 Hospinian
1885 2397 18 39 in
1939 2397 23 39 AK
1998 2397 58 39 XI2

1391 2443 76 30 etwas
1495 2443 24 30 zu
1547 2443 84 30 finden
1667 2443 60 30 sein.

1396 2487 39 31 Die
1461 2487 39 31 zum
1544 2487 78 31 ersten
1653 2487 52 31 Mal
1735 2487 61 31 1527
1826 2487 152 31 erschienen
2009 2487 48 31 wa-

1391 2532 48 38 ren.
1478 2532 143 38 Veilleicht
1660 2532 65 38 wird
1764 2532 40 38 das
1843 2532 208 38 Nachschlagen

1396 2576 79 40 dieser
1509 2576 121 40 Ausgabe
1659 2576 30 40 (im
1735 2576 92 40 Januar
1856 2576 67 40 2014
1948 2576 50 40 war
2027 2576 30 40 sie

1387 2621 61 38 noch
1487 2621 70 38 nicht
1591 2621 178 38 digitalisiert)
1804 2621 22 38 es
1860 2621 196 38 erm6glichen,

1395 2665 80 39 diesen
1520 2665 76 39 Druck
1640 2665 117 39 genauer
1789 2665 20 39 zu
1853 2665 125 39 datieren,
2010 2665 52 39 und

1396 2709 171 39 demzufolge
1597 2709 29 39 ein
1664 2709 146 39 genaueres
1844 2709 134 39 Terminus
2003 2709 59 39 post

1396 2754 55 39 quem
1493 2754 185 39 festzulegen.

1343 2795 0 42 t
1400 2795 52 42 Eine
1483 2795 156 42 Sammlung
1665 2795 44 42 von
1748 2795 109 42 Zitaten.

1401 2839 37 38 Gal
1466 2839 14 38 6,
1509 2839 32 38 14.

1331 2883 0 39 i
1395 2883 49 39 Phil
1474 2883 14 39 3,
1518 2883 15 39 9.

2340 1747 43 62 -O
