2454 3485
48 49 60 56 .'.

5 161 5 51 21

95 1288 48 29 -

136 1913 70 56 1r

165 1944 47 49 ttE

38 2247 97 56 R---

1089 98 137 35 --

329 240 156 68 itaque
547 240 150 68 credat
739 240 227 68 adiuturum
1034 240 119 68 talem
1215 240 342 68 imperatorem,
1614 240 31 68 ut
1707 240 98 68 papa
1862 240 145 68 causam
2075 240 31 68 ut
2168 240 93 68 reus

327 313 121 71 dicat
514 313 116 71 coram
696 313 248 71 concilio,
1032 313 71 71 uod
1164 313 110 71 regitu
1373 313 242 71 scriptura
1670 313 281 71 prophetica
2012 313 33 71 et
2105 313 253 71 apostoli-

327 384 35 69 ca
452 384 154 69 Quibus
668 384 188 69 omnibus
913 384 119 69 etiam
1089 384 68 69 hoc
1214 384 222 69 accedit,
1521 384 68 69 uod
1640 384 193 69 propter
1924 384 125 69 Tiiber
2106 384 63 69 der

328 472 121 69 Zeile:
488 472 22 69 ]'
570 472 121 69 luxum
757 472 33 69 et
911 472 188 69 sumptus
1148 472 165 69 nimios
1368 472 94 69 ille
1522 472 127 69 satis
1710 472 27 69 eet
1798 472 275 69 exhaustus,
2128 472 99 69 papa

320 554 104 65 vero
479 554 33 65 et
573 554 154 65 clerus
782 554 193 65 papalis
1036 554 397 65 opulentissimus
1493 554 94 65 est.
1636 554 72 65 Hic
1774 554 94 65 quid
1917 554 314 65 largitiones

326 626 126 71 (quas
502 626 38 71 hi
595 626 314 71 profundunt,
970 626 33 71 ut
1064 626 297 71 religionen,
1400 626 66 71 imo
1521 626 396 71 superstitionem
1984 626 82 71 suam
2138 626 126 71 reti-

323 688 122 83 neant
509 688 32 83 et
600 688 181 83 nostram
840 688 123 83 veram
1032 688 267 83 religionem
1358 688 69 83 vel
1491 688 245 83 oppimant
1790 688 69 83 vel
1918 688 277 83 impediant)

321 785 224 58 possint,
598 785 118 58 notum
785 785 64 58 est
908 785 214 58 omnibus.
1191 785 176 58 Terrent
1421 785 165 58 merito
1645 785 267 58 superiorum
1976 785 214 58 temporum

325 849 187 75 exempla
571 849 91 75 etc.
731 849 91 75 Quae
881 849 123 75 omnia
1063 849 122 75 licet
1244 849 64 75 ita
1362 849 224 75 habeant,
1677 849 155 75 optime
1891 849 123 75 facit
2073 849 123 75 tamen

326 924 400 69 illustrissimus
780 924 251 69 princeps,
1095 924 53 69 gum
1207 924 70 69 pro
1341 924 58 69 sua
1453 924 198 69 pietate
1704 924 155 69 tentat
1918 924 128 69 omnia
2105 924 32 69 ac
2195 924 155 69 sperat

325 1014 33 61 se
419 1014 187 61 aliquid
661 1014 99 61 apud
815 1014 303 61 imperatorem
1184 1014 369 61 consequturumn.
1613 1014 94 61 Bene
1768 1014 181 61 faciunt
2010 1014 33 61 et
2098 1014 126 61 illi,

330 1081 66 58 qui.
479 1081 149 58 tantum
694 1081 93 58 eius
842 1081 275 58 institutum
1178 1081 159 58 iuvant
1398 1081 27 58 et
1491 1081 247 58 consiliis
1794 1081 32 58 et
1887 1081 215 58 scriptis
2162 1081 28 58 et

323 1156 251 73 precibus.
632 1156 93 73 Sunt
784 1156 64 73 Deo
906 1156 129 73 omnia
1081 1156 286 73 possibilia.
1420 1156 344 73 "Igestr.lAc,
1822 1156 30 73 am
1916 1156 128 73 Rande
2097 1156 198 73 nachge-

324 1235 154 73 tragen
571 1235 33 73 Ac
665 1235 148 73 cadunt
874 1235 99 73 fere
1028 1235 126 73 longe
1215 1235 154 73 aliter
1419 1235 187 73 hostium
1672 1235 187 73 Christi
1914 1235 253 73 instituta,
2227 1235 83 73 guam

325 1308 94 60 ipsi
468 1308 248 60 volueraindt
754 1308 127 60 atque
931 1308 313 60 putaverant,
1299 1308 193 60 proinde
1641 1308 242 60 aborandum
1949 1308 61 60 est
2070 1308 127 60 nobis
2252 1308 71 60 in-

323 1386 282 74 cessanter,
664 1386 187 74 eventus
904 1386 64 74 Deo
1021 1386 374 74 permittendus.
1464 1386 91 74 Quod
1613 1386 27 74 si
1699 1386 37 74 is
1789 1386 64 74 non
1917 1386 246 74 respondet
2221 1386 96 74 spei

320 1458 220 81 nostrae,
601 1458 154 81 ssimus
810 1458 127 81 tamen
998 1458 126 81 certo
1179 1458 66 81 nos
1301 1458 313 81 nihilominus
1670 1458 209 81 proptium
1939 1458 166 81 habere
2165 1458 88 81 Deum

324 1539 31 77 et
417 1539 185 77 labores
658 1539 192 77 nostros
905 1539 371 77 piee,9
1338 1539 339 77 frustraneos.
1715 1539 358 77 SrrR]posse
2135 1539 31 77 De
2289 1539 93 77 suos

1036 1591 28 39 as
1082 1591 67 39 onyie
1187 1591 0 39 g

329 1616 154 66 quovis
534 1616 102 66 modo
687 1616 131 66 nobis
875 1616 125 66 licet
1193 1616 0 66 d
1273 1616 278 66 incognito.

387 1688 568 80 egP9E9L9L
1070 1688 791 80 L.99L9PEELEEEEEE9e
1953 1688 115 80 riei
2222 1688 215 80 aentere.

324 1765 276 79 lioceto
660 1765 210 79 agnosean
936 1765 186 79 ingenue
1212 1765 181 79 aimoiumn
1459 1765 96 79 esse
1609 1765 156 79 exiee
2011 1765 126 79 Aeeie
2191 1765 120 79 temen

322 1842 32 75 et
407 1842 229 75 voluisse
690 1842 64 75 sat
813 1842 96 75 est.
962 1842 128 75 Video
1149 1842 90 75 item
1298 1842 91 75 meam
1458 1842 144 75 opeam
1666 1842 64 75 non
1794 1842 176 75 afmum
2040 1842 96 75 esse
2189 1842 160 75 neces-

322 1916 210 80 sariam./
572 1916 23 80 Ex
663 1916 244 80 capitibus
969 1916 85 80 enim
1111 1916 289 80 propositis
1457 1916 34 80 et
1548 1916 158 80 nomine
1763 1916 369 80 illustrissimi

319 1994 250 78 principis
625 1994 40 78 ad
716 1994 40 78 me
807 1994 165 78 missis
1029 1994 159 78 facile
1245 1994 215 78 coniicio
1512 1994 198 78 homines
1767 1994 97 78 esse
1915 1994 221 78 principi
2199 1994 62 78 ex-

320 2070 280 79 ocellentes,
688 2070 35 79 ui
775 2070 70 79 nec
898 2070 163 79 verbis
1114 2070 70 79 nec
1242 2070 129 79 rebus
1429 2070 555 79 destitanturlongaue
2031 2070 163 79 mnelius

322 2144 93 80 illa
473 2144 251 80 explicare
777 2144 186 80 possint
1057 2144 52 80 uam
1179 2144 93 80 ego.
1331 2144 157 80 Cumgue
1547 2144 262 80 orationis.
1856 2144 274 80 dipesitio

320 2223 40 79 ad
417 2223 181 79 comitia
655 2223 97 79 ipsa
808 2223 131 79 usgue
996 2223 278 79 differenda
1336 2223 91 79 sit,
1484 2223 34 79 ut
1580 2223 125 79 iuxta
1767 2223 301 79 faelitaten
2125 2223 199 79 propo-.

322 2279 215 100 sitionis
595 2279 371 100 occasionisue
1089 2279 26 100 an
1180 2279 124 100 Rande
1363 2279 370 100 nachgetrageen:
1772 2279 0 100 1
1824 2279 65 100 aut
1948 2279 182 100 aliaumn
2195 2279 97 100 cir-

320 2378 403 77 cumstantiaum'
774 2378 284 77 moderatur,
1121 2378 244 77 egenihil
1427 2378 131 77 aliud
1603 2378 74 77 hic
1734 2378 306 77 congessero,
2165 2378 28 77 emn

314 2451 222 83 materian
597 2451 179 83 aliguam
875 2451 37 83 ad
962 2451 314 83 praescripta
1338 2451 179 83 eapita,
1578 2451 31 83 si
1671 2451 123 83 forte
1856 2451 154 83 exhae
2066 2451 123 83 ille,

381 2530 156 80 isais
595 2530 247 80 oerationemn
901 2530 65 80 pro
1025 2530 240 80 temere.
1304 2530 124 80 lece,
1486 2530 222 80 personis
1760 2530 130 80 ate
1948 2530 124 80 rehs
2163 2530 130 80 nsti-

322 2607 93 79 tes
566 2607 186 79 gA
810 2607 64 79 suo
932 2607 251 79 instatute
1304 2607 115 79 oneum
1491 2607 523 79 deeepserit.Ase
2165 2607 0 79 e

386 2675 55 91 e3
754 2675 27 91 es
873 2675 275 91 esensstte
1212 2675 92 91 s,
1369 2675 55 91 zee
1488 2675 0 91 s
1644 2675 18 91 ex
1736 2675 670 91 ssgesI

571 2749 270 92 ii
1359 2749 73 92 ae
1619 2749 0 92 r
1681 2749 62 92 aar
1795 2749 0 92 s

409 2834 0 88 t
503 2834 0 88 r
717 2834 187 88 eere.
969 2834 271 88 eoee
1305 2834 28 88 so
1455 2834 308 88 iaeteet-e

1356 2909 184 166 :-

746 2911 311 94 tterst,
1218 2911 30 94 ee
1298 2911 70 94 xree
1428 2911 151 94 sees

253 3034 0 75 ,

2148 450 0 30 y

2317 2914 0 82 .

1827 2979 145 51 ;I.

1306 3077 123 97 ester
1491 3077 92 97 iie
1645 3077 269 97 tots.

295 3175 141 79 Lga
496 3175 314 79 aseheinend
870 3175 60 79 auf
990 3175 154 79 Rasur:
1238 3175 240 79 ernutlich
1538 3175 134 79 hatte
1732 3175 241 79 Bullineer
2100 3175 307 79 rtiinliehen-

269 3249 383 72 1tge4
744 3249 307 72 eehrieben,
1143 3249 31 72 ee
1235 3249 161 72 sa4ner
1450 3249 614 72 aeheihaiteeht

472 3299 0 62 e

1426 3404 0 79 L

2228 3371 16 109 L.
