2480 1805
344 291 117 44 Beginn
505 291 48 44 des
592 291 142 44 Briefes:

345 397 91 48 Pauca
470 397 208 48 festinanter,
707 397 48 48 sed
784 397 54 48 non
871 397 145 48 vulgaria
1050 397 116 48 scribo,
1200 397 194 48 doctissime
1432 397 198 48 Bullingere,
1664 397 73 48 quae
1766 397 116 48 melius
1911 397 29 48 ac
1969 397 101 48 fusius

340 453 19 51 ex
396 453 117 51 nuncio
550 453 136 51 optimo,
709 453 70 51 viva
812 453 154 51 epistola,
994 453 201 51 cognosces.
1227 453 117 51 Amisit
1372 453 98 51 nuper
1498 453 159 51 accebere
1685 453 112 51 funero
1834 453 136 51 ecclesia

348 510 112 52 Christi
492 510 107 52 oppidi
636 510 224 52 Altstettensis
887 510 80 52 apud
999 510 176 52 Rhiegn...
1202 510 181 52 [Rheineck
1420 510 54 52 auf
1506 510 144 52 Latein?]
1677 510 229 52 fidelissimum
1954 510 27 52 ac

336 568 291 51 vigilantissimum
672 568 150 51 pastorem
872 568 20 51 et
917 568 135 51 patrem,
1087 568 151 51 dominum
1293 568 180 51 Pelag[i]um
1523 568 5 51 a
1568 568 115 51 Layden
1718 568 66 51 [?-
1819 568 200 51 Laytden?-

336 624 68 51 man
438 624 121 51 miisste
597 624 209 51 L(a)ythinum
849 624 88 51 lesen
966 624 164 51 konnen],
1164 624 68 51 quem
1285 624 126 51 casum,
1440 624 44 51 cum
1532 624 160 51 resarcire
1726 624 189 51 operatorum
1963 624 131 51 penuria

340 683 121 49 [wobei
489 683 65 49 man
592 683 70 49 eher
685 683 135 49 penurie
848 683 84 49 liest.
946 683 0 49 .
960 683 5 49 .
984 683 14 49 ],
1035 683 42 49 qua
1105 683 201 49 laborimus,
1334 683 51 49 non
1418 683 201 49 possumus,
1647 683 32 49 ad
1703 683 23 49 te
1749 683 140 49 patrem,

343 743 204 48 orphanorum
600 743 20 48 et
644 743 156 48 viduarum
848 743 194 48 patronum,
1072 743 53 48 etc.
1149 743 34 48 ...

353 853 115 49 Einmal
498 853 85 49 mehr
608 853 100 49 weiss
743 853 256 49 Stickelberger
1024 853 155 49 natiirlich
1214 853 105 49 nichts
1344 853 80 49 iiber
1459 853 95 49 diesen
1594 853 121 49 Pfarrer
1740 853 55 49 von
1840 853 185 49 Altstatten.
2060 853 25 49 Es

338 910 135 48 handelt
503 910 51 48 sich
599 910 85 48 dabei
714 910 25 48 um
799 910 146 48 Pelagius
980 910 140 48 Amstein
1155 910 50 48 von
1255 910 236 48 Bischofszell,
1526 910 40 48 der
1596 910 80 48 1550
1706 910 20 48 in
1767 910 165 48 Altstatten

338 967 145 50 bezeugt
504 967 36 50 ist
566 967 36 50 (s.
628 967 114 50 unsere
773 967 108 50 online
923 967 114 50 Edition
1073 967 103 50 HBBW
1233 967 52 50 VII
1316 967 104 50 150f.,
1451 967 93 50 Anm.
1575 967 31 50 5).

350 1021 21 52 Es
409 1021 59 52 gibt
494 1021 86 52 einen
612 1021 150 52 weiteren
810 1021 80 52 Brief
917 1021 149 52 Kesslers
1098 1021 22 52 an
1163 1021 171 52 Bullinger
1355 1021 59 52 vom
1462 1021 48 52 19.
1537 1021 91 52 Marz
1660 1021 75 52 1552
1767 1021 176 52 (ZH-StA,
1980 1021 6 52 E
2018 1021 16 52 II

345 1078 70 50 351,
445 1078 85 50 221),
555 1078 45 50 wo
630 1078 65 50 man
730 1078 131 50 erfahrt,
896 1078 60 50 dass
996 1078 35 50 die
1066 1078 90 50 Stelle
1186 1078 20 50 in
1246 1078 165 50 Altstatten
1446 1078 75 50 noch
1556 1078 111 50 immer
1692 1078 125 50 vakant
1842 1078 135 50 ist:,At
2007 1078 50 50 ego

349 1133 67 58 quid
441 1133 164 58 referam?
634 1133 180 58 Intellexit,
838 1133 24 58 ut
891 1133 146 58 arbitror,
1071 1133 19 58 ex
1134 1133 92 58 Frisio
1255 1133 43 58 tua
1327 1133 117 58 pietas,
1478 1133 67 58 quam
1594 1133 92 58 aegre
1720 1133 102 58 careat
1846 1133 131 58 pastore
2006 1133 82 58 bono

339 1195 63 35 viro
438 1195 136 35 ecclesia
615 1195 236 35 Altstetensis``'

352 1244 31 50 Da
408 1244 21 50 in
476 1244 108 50 Deinem
636 1244 202 50 undatierten
879 1244 83 50 Brief
993 1244 46 50 das
1065 1244 88 50 Wort
1184 1244 98 50 nuper
1308 1244 140 50 (Amisit
1474 1244 113 50 nuper)
1624 1244 175 50 gebraucht
1825 1244 93 50 wird,
1944 1244 78 50 kann

351 1301 67 46 Dein
462 1301 82 46 Brief
568 1301 53 46 nur
646 1301 53 46 vor
733 1301 43 46 dem
829 1301 44 46 19.
897 1301 92 46 Marz
1023 1301 77 46 1552
1129 1301 199 46 anzusetzen
1366 1301 78 46 sein,
1468 1301 63 46 und
1555 1301 73 46 falls
1657 1301 116 46 Kessel
1802 1301 87 46 seine
1928 1301 159 46 Entwirfe

347 1356 275 52 chronologisch,
652 1356 65 52 eine
752 1356 75 52 Seite
857 1356 70 52 nach
972 1356 45 52 der
1042 1356 135 52 anderen
1217 1356 160 52 Schreibt,
1402 1356 35 52 ist
1467 1356 25 52 er
1517 1356 65 52 nach
1632 1356 40 52 dem
1732 1356 80 52 Brief
1837 1356 25 52 an
1907 1356 125 52 Bersius

341 1420 53 44 von
438 1420 193 44 September
660 1420 77 44 1551
771 1420 213 44 anzusetzen.

352 1467 140 51 Amstein
526 1467 106 51 wurde
671 1467 67 51 dann
772 1467 54 51 von
864 1467 44 51 dem
956 1467 310 51 problematischen
1309 1467 141 51 Abraham
1503 1467 111 51 Klarer
1643 1467 126 51 ersetzt.
1803 1467 77 51 Dank
1924 1467 101 51 dieses

353 1524 135 49 Briefes,
512 1524 78 49 kann
624 1524 63 49 man
721 1524 53 49 nun
808 1524 116 49 unsere
953 1524 92 49 Notiz
1074 1524 29 49 zu
1137 1524 111 49 Klarer
1272 1524 20 49 in
1331 1524 101 49 HBBW
1495 1524 34 49 XV
1582 1524 97 49 448f.,
1713 1524 92 49 Anm.
1834 1524 5 49 3
1868 1524 213 49 verbessern.

346 1580 95 49 Nicht
471 1580 90 49 schon
601 1580 95 49 1550,
721 1580 135 49 sondern
896 1580 55 49 erst
976 1580 70 49 nach
1091 1580 45 49 dem
1187 1580 45 49 19.
1257 1580 90 49 Mairz
1382 1580 75 49 1552
1487 1580 55 49 kam
1597 1580 95 49 dieser
1727 1580 120 49 Pfarrer
1872 1580 55 49 von

354 1643 131 36 Urnasch
526 1643 70 36 nach
641 1643 187 36 Altstattenl
