2475 3531
333 1323 4 42 1

142 1744 0 77 .

1147 464 126 61 42215]

713 561 229 89 Bullinger
981 561 39 89 an
1075 561 111 89 Hans
1241 561 165 89 Rudolf
1461 561 237 89 Bullinger.

412 654 147 66 (rich,
623 654 77 66 Ende
749 654 84 66 1572
882 654 77 66 oder
1008 654 99 66 Anfg.
1156 654 112 66 1573.)
1324 654 105 66 Zirich
1493 654 56 66 zB,
1591 654 49 66 Ms
1696 654 0 66 F
1745 654 49 66 37,
1843 654 99 66 442b.
1991 654 0 66 /

423 712 205 59 Orig.(Aut.)
676 712 54 59 Der
766 712 205 59 allmachtig
1013 712 66 59 gott
1109 712 133 59 verlihe
1290 712 48 59 dir,
1380 712 151 59 Susanne
1567 712 66 59 und
1675 712 48 59 den
1765 712 139 59 kindern
1946 712 42 59 vil

414 766 116 63 tusend
571 766 88 63 gter
688 766 76 63 jar';
805 766 47 63 das
887 766 135 63 wnsch
1063 766 40 63 ich
1150 766 65 63 und
1250 766 35 63 all
1320 766 58 63 min
1419 766 88 63 volck
1554 766 58 63 von
1659 766 58 63 gott
1752 766 6 63 u
1828 766 135 63 gantzem

410 824 152 61 hertzen.
603 824 64 61 Gott
697 824 117 61 mache
843 824 117 61 unsern
995 824 134 61 wunsch
1164 824 158 61 krefftig.
1357 824 228 61 Fiirgeliepter
1614 824 70 61 sun,
1719 824 105 61 gester
1854 824 122 61 schreib

410 880 36 61 ich
494 880 36 61 dir
561 880 78 61 grad
663 880 60 61 vor
753 880 48 61 der
825 880 121 61 predig
982 880 36 61 ein
1054 880 114 61 kleind
1199 880 120 61 zadily,
1349 880 48 61 hat
1427 880 90 61 sunst
1542 880 72 61 kein
1644 880 84 61 wyl.
1758 880 145 61 Jetzund
1927 880 48 61 hab

410 937 40 60 ich
495 937 40 60 ein
575 937 113 60 wenig
722 937 52 60 me
808 937 79 60 wyl;
933 937 142 60 dancken
1115 937 51 60 ich
1211 937 182 60 widerumb
1444 937 63 60 umb
1564 937 45 60 des
1649 937 51 60 git
1729 937 45 60 jar
1808 937 63 60 und
1905 937 80 60 alles

414 988 81 66 gts.
532 988 61 66 Von
643 988 43 66 dem
748 988 49 66 tag
834 988 6 66 z
914 988 130 66 Baden'
1075 988 74 66 w3
1186 988 92 66 (doch
1328 988 129 66 behallt
1494 988 25 66 es
1562 988 37 66 dir
1636 988 62 66 und
1735 988 86 66 mach
1871 988 111 66 wenig

420 1048 119 57 darul),
579 1048 46 57 das
659 1048 39 57 die
733 1048 5 57 7
778 1048 45 57 Ort
852 1048 40 57 ein
926 1048 221 57 scharppffen
1181 1048 108 57 anzug
1323 1048 114 57 gethan
1471 1048 136 57 habend
1636 1048 23 57 an
1704 1048 40 57 die
1772 1048 6 57 4
1818 1048 85 57 Stett,
1937 1048 45 57 das

414 1105 16 56 sy
488 1105 48 56 gar
574 1105 74 56 iibel
691 1105 139 56 bedure,
883 1105 43 56 das
968 1105 70 56 man
1086 1105 64 56 inen
1203 1105 27 56 so
1288 1105 64 56 ibel
1390 1105 117 56 truwe;
1555 1105 48 56 sye
1651 1105 96 56 schon
1800 1105 112 56 ettwas
1955 1105 16 56 in

418 1160 233 59 Fra[n]ckrych
697 1160 182 59 ergangen,
913 1160 108 59 syend
1055 1160 62 59 doch
1163 1160 17 59 sy
1225 1160 51 59 deB
1311 1160 62 59 sins
1401 1160 69 59 nit,
1498 1160 57 59 wie
1589 1160 102 59 ettlich
1737 1160 125 59 geredt,
1885 1160 91 59 wenn

410 1218 64 57 man
515 1218 18 57 sy
580 1218 169 57 ermirden
784 1218 117 57 wolte,
930 1218 146 57 woltind
1112 1218 17 57 sy
1170 1218 111 57 zytlich
1328 1218 87 57 gntg
1445 1218 46 57 uff
1521 1218 58 57 sin,
1614 1218 76 57 grad
1719 1218 53 57 alls
1807 1218 23 57 ob
1877 1218 18 57 sy
1942 1218 35 57 ein

408 1272 181 61 schantlich
640 1272 74 61 ding
742 1272 63 61 imm
861 1272 63 61 sinn
963 1272 136 61 habind.
1139 1272 28 61 So
1207 1272 80 61 habe
1321 1272 68 61 man
1428 1272 85 61 taget
1547 1272 23 61 zi
1621 1272 131 61 Aarow,
1786 1272 192 61 ugenum-

410 1330 85 58 men,
529 1330 221 58 gemusteret,
778 1330 176 58 wacheten
994 1330 141 58 gestellt,
1164 1330 57 58 alls
1255 1330 22 58 ob
1317 1330 68 58 find
1408 1330 198 58 vorhanden
1646 1330 119 58 syend,
1799 1330 181 58 gehandlet

411 1383 52 60 etc.
502 1383 120 60 Daruff
656 1383 40 60 die
735 1383 74 60 Stett
843 1383 239 60 geantwortet:
1116 1383 23 60 es
1173 1383 102 60 syend
1310 1383 159 60 seltzame
1503 1383 96 60 luff,
1628 1383 45 60 vil
1702 1383 148 60 trowens
1878 1383 108 60 wider

411 1439 36 63 ein
489 1439 289 63 eydgnoschafft,
820 1439 126 63 dorumb
995 1439 18 63 sy
1061 1439 54 63 sich
1163 1439 48 63 nitt
1247 1439 157 63 unbillich
1446 1439 186 63 versahen.
1668 1439 24 63 Sy
1734 1439 133 63 habind
1903 1439 66 63 doch

412 1496 66 63 ouch
520 1496 60 63 imm
628 1496 120 63 bruch,
772 1496 150 63 harnisch
964 1496 66 63 und
1054 1496 90 63 weer
1174 1496 25 63 zf
1235 1496 234 63 besichtigen;
1499 1496 18 63 sy
1559 1496 114 63 tagind
1703 1496 48 63 fir
1775 1496 66 63 und
1871 1496 48 63 fur
1949 1496 0 63 z

416 1553 137 58 Lucern.
587 1553 153 58 Worumb
786 1553 17 58 sy
859 1553 69 58 dann
967 1553 57 58 nitt
1064 1553 68 58 ouch
1178 1553 91 58 tagen
1308 1553 165 58 mgind2
1513 1553 154 58 Wachten
1706 1553 108 58 syend
1854 1553 131 58 gestellt

405 1604 52 59 von
498 1604 199 59 unriwiger
732 1604 105 59 lithen
878 1604 111 59 waigen
1030 1604 35 59 zl
1094 1604 117 59 beiden
1252 1604 123 59 teylen,
1416 1604 46 59 das
1503 1604 41 59 die
1579 1604 53 59 nit
1661 1604 234 59 unfiruntlichs
1930 1604 52 59 an-

404 1663 126 56 hebind
568 1663 50 56 etc.
651 1663 83 56 Nach
783 1663 83 56 diser
898 1663 232 56 erliltherung,
1168 1663 38 56 die
1240 1663 76 56 noch
1355 1663 71 56 mitt
1454 1663 44 56 vil
1526 1663 44 56 me
1602 1663 122 56 worten
1762 1663 214 56 beschahen,

404 1719 134 60 habend
579 1719 41 60 die
655 1719 6 60 7
708 1719 46 60 Ort
795 1719 41 60 den
883 1719 117 60 Stetten
1035 1719 111 60 wyter
1175 1719 245 60 frgehallten:
1455 1719 41 60 sy,
1537 1719 41 60 die
1619 1719 87 60 Stett,
1741 1719 135 60 sollend
1899 1719 181 60 inen.

405 1769 210 68 uwmkls
669 1769 126 68 eliehs
861 1769 234 68 eygaossen,
1131 1769 36 68 die
1197 1769 0 68 a
1257 1769 72 68 isen
1359 1769 306 68 twlichhallten
1701 1769 276 68 wfdpat

407 1827 64 66 und
501 1827 227 66 landtsfriden
769 1827 64 66 und
868 1827 65 66 inen
979 1827 111 66 nienan
1131 1827 70 66 kein
1242 1827 111 66 untriw
1406 1827 181 66 bewysen,
1622 1827 70 66 und
1721 1827 59 66 alls
1820 1827 41 66 die
1908 1827 70 66 Stett

415 1886 44 57 das
486 1886 171 57 trientisch
707 1886 165 57 concilium
928 1886 170 57 anzogen,
1137 1886 88 57 daryn
1269 1886 17 57 sy
1325 1886 215 57 verwilliget
1573 1886 60 57 und
1672 1886 50 57 das
1755 1886 66 57 man
1860 1886 121 57 under-

406 1938 79 62 stadt
519 1938 23 62 zf
587 1938 198 62 exequieren
831 1938 51 62 etc.
916 1938 153 62 antwort:
1103 1938 17 62 sy
1159 1938 131 62 habind
1318 1938 17 62 in
1380 1938 46 62 das
1465 1938 165 62 concilium
1681 1938 209 62 verwilliget
1930 1938 45 62 des

408 1998 165 58 gloubens
613 1998 62 58 und
715 1998 45 58 der
795 1998 68 58 leer
891 1998 142 58 halben,
1067 1998 125 58 habind
1226 1998 80 58 aber
1334 1998 57 58 nitt
1425 1998 227 58 verheyssen,
1697 1998 46 58 das
1777 1998 125 58 halffen
1947 1998 46 58 zf.

400 2054 221 61 handthaben
667 2054 74 61 oder
775 2054 221 61 exequieren,
1031 2054 68 61 und
1127 2054 142 61 hattend
1298 2054 40 61 ire
1372 2054 108 61 botten
1525 2054 23 61 da
1588 2054 153 61 neiBwas
1781 2054 199 61 gewilliget,

404 2110 24 59 so
463 2110 128 59 habind
621 2110 17 59 sy
685 2110 23 59 de
761 2110 70 59 kein
872 2110 163 59 empfelch
1076 2110 53 59 etc.
1164 2110 17 59 sy
1216 2110 147 59 wollind
1392 2110 111 59 eerlich
1544 2110 105 59 pindt
1672 2110 70 59 und
1766 2110 204 59 landtfriden

405 2165 117 59 hallten
562 2165 53 59 ete.
656 2165 117 59 Daruff
808 2165 35 59 die
884 2165 70 59 Stett
983 2165 58 59 sich
1088 2165 251 59 entschlossen,
1374 2165 47 59 das
1456 2165 70 59 ouch
1567 2165 17 59 sy
1631 2165 105 59 glichs
1771 2165 93 59 gigen
1899 2165 70 59 inen

403 2221 105 59 syend
543 2221 158 59 gesinnet
730 2221 71 59 und
824 2221 158 59 wllend
1017 2221 70 59 ouch
1134 2221 23 59 zf
1198 2221 70 59 inen
1309 2221 53 59 alls
1397 2221 146 59 redliche
1584 2221 217 59 eydgnossen
1842 2221 52 59 lib,
1929 2221 47 59 gt

401 2273 68 62 und
497 2273 68 62 bllt
593 2273 46 62 hin
678 2273 34 62 zl
746 2273 108 62 setzen
894 2273 57 62 etc.
985 2273 22 62 In
1047 2273 147 62 summa:
1228 2273 23 62 es
1285 2273 51 62 hat
1364 2273 63 62 mir
1461 2273 34 62 ein
1534 2273 205 62 vertruwter
1767 2273 17 62 in
1829 2273 125 62 geheym

406 2333 125 58 gesagt,
577 2333 40 58 das
657 2333 22 58 er
713 2333 57 58 nun
810 2333 40 58 vil
884 2333 40 58 jar
958 2333 45 58 uff
1043 2333 40 58 die
1123 2333 295 58 eydgnssischen
1458 2333 51 58 tag
1549 2333 136 58 gesandt
1719 2333 69 58 sye;
1822 2333 45 58 nie
1907 2333 74 58 aber

407 2388 49 58 sye
495 2388 22 58 er
561 2388 83 58 darby
693 2388 105 58 gesin,
842 2388 44 58 das
924 2388 66 58 man
1034 2388 94 58 riher
1160 2388 28 58 an
1238 2388 176 58 einandren
1458 2388 82 58 gesin
1584 2388 66 58 und
1683 2388 203 58 einanderen
1930 2388 34 58 fry

399 2444 76 62 heru
551 2444 123 62 gesagt,
715 2444 111 62 woran
878 2444 24 62 es
943 2444 157 62 gelaigen,
1147 2444 47 62 das
1241 2444 23 62 es
1305 2444 140 62 anfangs
1492 2444 53 62 gar
1586 2444 35 62 ein
1673 2444 111 62 gefaar
1825 2444 146 62 ansahen

406 2500 132 58 gehept.
582 2500 259 58 Hinwiderum,
885 2500 27 58 do
956 2500 66 58 man
1077 2500 198 58 einanderen
1319 2500 66 58 wol
1429 2500 165 58 zerfiltzet
1638 2500 61 58 und
1743 2500 49 58 gar
1831 2500 55 58 nt
1924 2500 50 58 ge-

402 2556 153 57 schonet,
594 2556 51 57 sye
685 2556 40 57 die
764 2556 63 57 sach
872 2556 23 57 so
934 2556 153 57 friintlich
1133 2556 62 57 und
1235 2556 45 57 gfdt
1309 2556 136 57 worden
1484 2556 51 57 uff
1564 2556 113 57 beiden
1722 2556 108 57 syten,
1870 2556 107 57 daser

408 2612 68 73 ouch
515 2612 51 73 nie
600 2612 85 73 darby
736 2612 103 73 gesin,
878 2612 17 73 da
935 2612 62 73 man
1037 2612 204 73 frintlicher
1269 2612 68 73 und
1366 2612 130 73 gtiger
1530 2612 97 73 ggen
1666 2612 114 73 andern
1819 2612 153 73 worden,

427 2801 102 71 Afang
569 2801 68 71 eines
671 2801 103 71 Jahres,
802 2801 68 71 bzw.
910 2801 102 71 Anfane
1052 2801 96 71 Januar
1296 2801 62 71 1572
1392 2801 85 71 began
1597 2801 113 71 EAa]
1739 2801 56 71 IV2
1835 2801 142 71 505-507,

462 2865 63 40 1573
554 2865 29 40 (s.
612 2865 101 40 unten).

1292 2870 284 60 2-2ge
1703 2870 157 60 ees

424 2895 52 78 Der
548 2895 0 78 g
587 2895 6 78 z
659 2895 91 78 Baen,
795 2895 33 78 der
860 2895 33 78 amn
938 2895 13 78 7.
991 2895 156 78 Dexemnber
1316 2895 0 78 e
1368 2895 98 78 sies
1492 2895 182 78 icnogen.

2410 1760 0 61 O

2422 3374 0 42 s
