2470 3523
481 375 271 47 .Antwort:
790 375 50 47 Re:
879 375 83 47 Duke
995 375 22 47 of
1050 375 105 47 Sufolk

329 411 152 63 7----'
602 411 146 63 Reinhard
786 411 197 63 Boaenmann
1078 411 0 63 n
1135 411 197 63 amesdtaylo

322 537 76 43 Dear
425 537 49 43 Sir,

1903 443 171 31 19.11.2014
2104 443 70 31 08:59

323 650 88 57 Thank
444 650 56 57 you
533 650 42 57 for
598 650 79 57 your
701 650 233 57 information,
957 650 94 57 which
1088 650 5 57 I
1116 650 75 57 have
1223 650 173 57 registered
1419 650 14 57 in
1471 650 46 57 the
1545 650 112 57 entries
1690 650 23 57 of
1737 650 46 57 the
1811 650 56 57 two
1895 650 112 57 known
2040 650 107 57 letters

309 705 140 65 between
489 705 155 65 Bullinger
669 705 60 65 and
754 705 50 65 the
839 705 80 65 duke.
949 705 20 65 It
989 705 60 65 will
1074 705 70 65 allow
1190 705 40 65 us,
1255 705 20 65 at
1300 705 50 65 the
1380 705 80 65 given
1490 705 85 65 time,
1600 705 25 65 to
1650 705 80 65 have
1755 705 5 65 a
1790 705 65 65 look
1890 705 20 65 at
1935 705 75 65 your

309 763 197 50 publication
538 763 61 50 and
623 763 112 50 maybe
764 763 23 50 to
820 763 75 50 refer
918 763 24 50 to
970 763 28 50 it.

321 876 51 53 The
395 876 89 53 letter
507 876 56 53 you
591 876 47 53 are
662 876 135 53 looking
825 876 42 53 for
890 876 19 53 is
932 876 19 53 in
988 876 56 53 fact
1068 876 4 53 a
1110 876 173 53 dedication
1315 876 61 53 and
1395 876 191 53 introduces
1619 876 56 53 one
1703 876 28 53 of
1754 876 47 53 the
1829 876 84 53 most
1941 876 177 53 successful

307 932 220 62 publications
557 932 30 62 of
617 932 165 62 Bullinger,
812 932 115 62 namely
957 932 50 62 the
1037 932 125 62 Semonu
1238 932 60 62 decas
1363 932 65 62 inta,
1468 932 90 62 which
1598 932 60 62 was
1683 932 65 62 first
1773 932 130 62 printed
1923 932 20 62 in
1988 932 95 62 Zurich

312 989 84 34 1551.

312 1046 77 57 Here
413 1046 49 57 the
496 1046 58 57 Link
588 1046 24 57 to
641 1046 49 57 the
714 1046 82 57 book
835 1046 169 57 nowadays
1038 1046 184 57 completely
1266 1046 184 57 digitalised:

305 1162 986 47 http://www.e-rara.ch/zuz/content/titleinfo/478847

310 1282 77 53 Here
416 1282 20 53 as
460 1282 68 53 well
552 1282 48 53 the
629 1282 141 53 relevant
794 1282 92 53 pages
915 1282 15 53 in
964 1282 58 53 pdf
1046 1282 131 53 format:

673 1400 66 41 r-

321 1498 153 43 Dedication
511 1498 130 43 Bullinger
659 1498 18 43 to
709 1498 68 43 Duke
808 1498 54 43 Grey
898 1498 19 43 of
944 1498 157 43 Suffolk.pdf

301 1604 92 61 What
417 1604 53 61 you
504 1604 116 61 should
644 1604 58 61 also
731 1604 82 61 know
857 1604 97 61 about
978 1604 58 61 this
1060 1604 218 61 publication,
1302 1604 14 61 is
1345 1604 63 61 that
1433 1604 43 61 the
1515 1604 125 61 decades
1665 1604 106 61 where
1800 1604 174 61 published

301 1662 253 47 progressively:

314 1773 49 47 The
387 1773 184 47 ''decades''
600 1773 54 47 one
683 1773 58 47 and
765 1773 58 47 two
848 1773 19 47 in
906 1773 72 47 1549
1007 1773 83 47 were
1124 1773 164 47 dedicated
1313 1773 19 47 to
1376 1773 97 47 Zurich
1511 1773 141 47 scholars

311 1830 53 57 The
391 1830 80 57 third
492 1830 139 57 '"decas''
653 1830 58 57 was
749 1830 165 57 dedicated
935 1830 17 57 in
989 1830 101 57 March
1128 1830 74 57 1550
1234 1830 22 57 to
1288 1830 80 57 King
1405 1830 123 57 Eduard
1549 1830 38 57 VI

314 1887 49 57 The
392 1887 97 57 fourth
522 1887 59 57 was
619 1887 165 57 dedicated
803 1887 19 57 in
866 1887 184 57 December
1079 1887 73 57 1550
1181 1887 19 57 to
1234 1887 43 57 the
1306 1887 83 57 same
1418 1887 77 57 king.

314 1943 50 54 The
394 1943 55 54 fifth
484 1943 60 54 and
564 1943 55 54 last
644 1943 60 54 was
739 1943 165 54 dedicated
929 1943 20 54 to
979 1943 75 54 your
1094 1943 95 54 Duke,
1209 1943 20 54 in
1264 1943 100 54 March
1404 1943 85 54 1551.

308 2055 38 59 All
370 2055 44 59 the
443 2055 53 59 five
535 2055 126 59 decades
685 2055 82 59 were
796 2055 121 59 several
941 2055 88 59 times
1058 2055 227 59 republished,
1309 2055 44 59 the
1382 2055 63 59 first
1469 2055 72 59 time
1566 2055 19 59 in
1624 2055 72 59 1552
1725 2055 73 59 (also
1827 2055 87 59 with,
1938 2055 20 59 at
1982 2055 48 59 the

300 2111 176 57 beginning
503 2111 28 57 of
553 2111 49 57 the
630 2111 60 57 fifth
723 2111 149 57 '"Decas'
900 2111 44 57 the
982 2111 171 57 dedication
1186 2111 22 57 to
1246 2111 149 57 Suffolk),
1417 2111 66 57 then
1516 2111 17 57 in
1571 2111 88 57 1557,
1692 2111 88 57 1562,
1808 2111 88 57 1567,
1929 2111 82 57 1577,

298 2169 140 65 [15872.

299 2284 18 50 It
341 2284 108 50 would
477 2284 56 50 also
561 2284 33 50 be
622 2284 127 50 helpful
772 2284 23 50 to
824 2284 79 50 know
945 2284 66 50 that
1034 2284 85 50 there
1142 2284 61 50 was
1231 2284 19 50 a:

301 2340 20 64 1)
366 2340 120 64 German
521 2340 180 64 translation
736 2340 65 64 that
826 2340 165 64 appeared
1016 2340 45 64 for
1086 2340 45 64 the
1161 2340 60 64 first
1246 2340 75 64 time
1341 2340 20 64 in
1401 2340 85 64 1558,
1511 2340 105 64 where
1641 2340 35 64 all
1696 2340 50 64 the
1781 2340 185 64 Dedication
1996 2340 80 64 were
2101 2340 25 64 as

296 2396 68 53 well
388 2396 174 53 translated
586 2396 136 53 (reprint
741 2396 20 53 in
800 2396 101 53 1568).
930 2396 20 53 In
984 2396 48 53 the
1056 2396 73 53 later
1158 2396 136 53 reprints
1323 2396 29 53 of
1376 2396 73 53 1597
1478 2396 58 53 and
1565 2396 92 53 1598,
1681 2396 49 53 the
1763 2396 194 53 dedications
1986 2396 20 53 to
2040 2396 43 53 the

312 2453 105 50 English
457 2453 225 50 personalities
717 2453 220 50 disappeared.

302 2508 19 59 2)
350 2508 0 59 a
389 2508 87 59 Dutch
515 2508 184 59 translation
733 2508 19 59 in
786 2508 78 59 1563
893 2508 73 59 (with
1004 2508 5 59 a
1038 2508 184 59 translation
1261 2508 24 59 of
1310 2508 29 59 all
1363 2508 48 59 the
1445 2508 213 59 dedications)
1692 2508 107 59 equally
1833 2508 165 59 reprinted
2027 2508 116 59 several

297 2564 89 34 times

301 2621 19 57 3)
348 2621 5 57 a
390 2621 103 57 French
530 2621 183 57 translation
745 2621 19 57 in
801 2621 89 57 1559,
914 2621 46 57 yet
984 2621 135 57 without
1147 2621 47 57 the
1227 2621 196 57 dedications
1451 2621 23 57 to
1502 2621 47 57 the
1591 2621 112 57 English
1736 2621 243 57 personalities.

302 2676 15 56 4)
347 2676 25 56 an
417 2676 111 56 English
563 2676 185 56 translation
783 2676 175 56 published
984 2676 15 56 in
1044 2676 125 56 London
1199 2676 20 56 in
1254 2676 45 56 the
1324 2676 70 56 year
1424 2676 86 56 1577,
1535 2676 140 56 without
1700 2676 45 56 the
1775 2676 65 56 first
1875 2676 181 56 Dedication
2086 2676 25 56 to

297 2732 43 58 the
384 2732 92 58 Zurich
515 2732 140 58 scholars
684 2732 58 58 and
767 2732 140 58 without
931 2732 276 58 (unfortunately)
1236 2732 44 58 the
1314 2732 174 58 dedication
1522 2732 19 58 to
1575 2732 44 58 the
1657 2732 97 58 Duke,
1778 2732 44 58 yet
1851 2732 53 58 still
1929 2732 58 58 with
2025 2732 49 58 the
2098 2732 58 58 two

306 2789 195 58 dedications
526 2789 20 58 to
591 2789 120 58 Eduard
736 2789 51 58 VI.
827 2789 60 58 This
912 2789 185 58 translation
1127 2789 60 58 was
1217 2789 160 58 reprinted
1407 2789 115 58 several
1547 2789 90 58 times
1662 2789 111 58 (1584,
1803 2789 85 58 1587,
1918 2789 90 58 1840,
2038 2789 75 58 etc.).

301 2846 77 57 Here
402 2846 49 57 the
475 2846 48 57 link
562 2846 19 57 to
615 2846 44 57 the
688 2846 63 57 first
785 2846 159 57 complete
983 2846 111 57 English
1128 2846 184 57 translation
1351 2846 29 57 of
1399 2846 49 57 the
1486 2846 141 57 Decades
1651 2846 63 57 (the
1748 2846 53 57 one
1825 2846 131 57 printed
1975 2846 20 57 in
2033 2846 102 57 1577):

294 2901 647 50 http://eebo.chadwyck.com/search

295 3018 4 49 I
322 3018 68 49 wish
426 3018 49 49 you
507 3018 32 49 all
566 3018 45 49 the
638 3018 68 49 best
733 3018 45 49 for
801 3018 77 49 your
905 3018 158 49 research.

300 3128 146 48 Sincerely
479 3128 108 48 yours,
