4956 3524
1375 1084 371 75 Jan-Andrea
1777 1085 391 69 BERNHARD,
2200 1107 29 32 «
2248 1084 192 56 Briefe
2474 1104 72 36 an
2579 1085 277 56 Heinrich
2888 1085 289 78 Bullinger
3207 1086 81 56 im
3320 1087 162 57 Blick
3515 1088 104 56 auf

1383 1177 386 77 Entstehung,
1829 1178 341 78 Abfassung
2230 1178 122 57 und
2414 1178 323 76 Rezeption
2801 1179 103 56 der
2966 1180 332 57 'Confessio
3363 1182 245 57 Raetica’

1387 1268 334 81 (1552/53),
1751 1273 58 55 in
1835 1295 9 34 :
1882 1274 326 76 Zwingliana,
2240 1273 104 57 Bd.
2372 1274 93 67 40,
2498 1274 170 69 2013,
2699 1275 51 55 S.
2786 1276 192 55 37-71.
3014 1277 68 53 In
3114 1275 220 57 diesem
3363 1276 245 57 Aufsatz

1387 1367 126 55 sind
1540 1367 270 77 folgende
1833 1369 192 56 Briefe
2048 1367 448 58 veröffentlicht:

1502 1510 17 7 -
1541 1482 104 50 Pier
1666 1483 144 49 Paolo
1829 1484 232 62 Vergerio
2082 1499 59 34 an
2162 1483 259 63 Bullinger,
2447 1484 76 48 15.
2545 1485 290 49 November
2860 1486 141 56 1552,
3022 1486 88 48 auf
3123 1487 44 48 S.
3193 1488 163 48 55-57.
3583 1499 63 61 ^

1502 1587 18 6 -
1539 1559 240 49 Johannes
1803 1561 273 48 Comander
2099 1561 94 48 und
2219 1560 184 61 Philipp
2427 1559 236 50 Gallicius
2686 1576 59 33 an
2769 1561 261 62 Bullinger,
3061 1564 72 47 12.
3161 1565 282 46 Dezember
3472 1565 138 56 1552,

1620 1636 90 49 auf
1723 1637 45 49 S.
1793 1638 160 48 57-59.

1502 1714 276 49 -Johannes
1810 1716 272 48 Comander
2111 1716 95 48 und
2239 1715 185 61 Philipp
2456 1715 235 49 Gallicius
2722 1731 57 33 an
2812 1716 261 62 Bullinger,
3105 1719 45 47 6.
3175 1720 148 46 März
3358 1719 142 56 1553,
3530 1719 88 48 auf

1620 1791 45 47 S.
1691 1791 162 47 59-62.

1500 1867 278 49 -Johannes
1805 1869 273 49 Comander
2103 1869 96 49 und
2227 1868 185 62 Philipp
2440 1868 235 49 Gallicius
2702 1884 57 34 an
2788 1870 261 62 Bullinger,
3076 1872 79 48 22.
3181 1873 148 59 April
3361 1873 142 56 1553,
3530 1873 89 48 auf

1620 1945 44 48 S.
1689 1945 163 49 62-67.

1501 2045 17 7 -
1540 2019 187 62 Philipp
1748 2020 233 49 Gallicius
2003 2035 58 34 an
2083 2021 258 62 Bullinger,
2363 2021 46 48 6.
2429 2021 121 47 Juni
2578 2022 139 57 1553,
2738 2021 90 49 auf
2841 2022 44 49 S.
2910 2023 163 48 67-69.

1500 2124 18 6 -
1540 2096 187 62 Philipp
1747 2097 234 50 Gallicius
2003 2113 57 34 an
2083 2098 258 62 Bullinger,
2364 2099 45 47 2.
2431 2098 300 61 September
2756 2100 142 56 1553,
2920 2100 89 49 auf
3022 2101 45 48 S.
3091 2102 162 48 69-71.
