9962 14145
2022 1910 312 160 und
2418 1914 480 196 syend
2982 1914 332 160 also
3398 1914 160 160 in
3634 1918 704 160 höchster
4422 1918 300 172 lieb
4802 1914 312 160 und
5198 1918 956 160 früntschafft
6234 1922 1200 200 abgescheyden.
7526 1926 376 156 Man
7978 1922 392 160 habe

2026 2130 400 160 ouch
2490 2138 520 192 geredt
3066 2186 368 108 vom
3498 2138 1296 204 pündtschweren,
4862 2138 312 156 und
5238 2190 172 108 so
5478 2142 268 160 das
5810 2142 804 188 beschähe,
6686 2146 268 156 das
7022 2146 404 156 ouch
7486 2138 252 164 die
7802 2142 564 160 frömb-

2026 2350 300 160 den
2442 2354 396 200 daby
2958 2358 580 188 sähind,
3662 2362 272 156 das
4050 2410 356 108 man
4522 2362 324 156 eins
4962 2406 444 144 were,
5526 2362 312 156 und
5950 2362 724 192 wüßtind,
6794 2366 268 160 das
7186 2410 176 156 sy
7482 2366 332 160 sich
7922 2410 452 112 unser

2026 2578 816 200 zwytracht
2922 2594 268 144 nüt
3278 2582 676 160 dörffind
4034 2586 508 156 weder
4622 2566 196 176 zü
4898 2594 560 152 trösten
5542 2586 400 160 noch
6026 2570 192 176 z£i
6302 2586 628 164 fröwen.
7022 2590 212 164 Ist
7318 2586 404 160 ouch
7802 2586 568 160 darvon

1790 2858 48 96 $
2026 2802 560 196 geredt,
2674 2802 268 160 das
3026 2850 360 112 man
3462 2806 468 200 yedes
4018 2826 232 140 ort
4322 2806 392 160 nach
4794 2806 484 156 sinem
5358 2806 668 204 gloüben
6106 2810 776 160 schweren
6966 2810 440 192 lasse,
7490 2810 316 160 und
7882 2810 156 156 in
8122 2810 244 160 die

2026 3026 720 156 abscheid
2822 3074 968 152 genommen,
3878 3034 400 156 doch
4354 3030 356 160 kein
4786 3014 556 176 andern
5414 3054 260 180 tag
5750 3058 808 176 angesetzt,
6646 3034 596 188 sunder,
7318 3034 740 168 welchem
8142 3058 232 136 ort

2022 3246 672 164 neißwas
2794 3250 884 204 angelägen,
3774 3302 364 156 mag
4230 3302 192 112 an
4510 3254 324 160 min
4922 3258 652 200 gnädige
5662 3258 532 160 herren
6278 3306 316 112 von
6682 3258 600 200 Zürych
7370 3258 388 164 umb
7830 3282 256 180 tag
8174 3242 196 176 zü

2018 3466 900 164 beschriben
2994 3478 652 156 werben.
3730 3482 208 152 Es
4022 3478 196 156 ist
4290 3474 400 160 ouch
4762 3518 312 112 von
5150 3478 260 160 der
5482 3494 520 144 müntz
6074 3482 312 156 und
6466 3482 376 156 saltz
6918 3470 848 212 gehandlet,
7850 3482 196 156 da
8122 3482 248 156 ich

2026 3694 296 156 den
2402 3694 484 200 grund
2962 3698 408 156 noch
3446 3698 280 160 nitt
3802 3698 452 188 weiß;
4346 3702 396 156 dann
4826 3698 248 156 ich
5158 3702 344 156 dem
5582 3702 280 156 nitt
5938 3702 296 160 wie
6318 3706 352 156 dem
6750 3702 1008 160 vorermelten
7830 3706 536 200 houpt-

1738 3974 104 96 io
2018 3914 552 160 handel
2634 3918 984 208 nachgefragt
3670 3922 348 188 hab,
4086 3922 312 160 und
4454 3922 472 160 hören
4990 3922 436 188 ouch,
5498 3922 292 160 daß
5858 3926 268 156 des
6186 3926 824 200 Paradyses
7074 3926 632 164 handeis
7770 3926 276 160 nitt
8102 3926 264 200 vyl

2022 4138 648 204 gedacht
2758 4190 316 156 sye.
3082 4122 60 100 3
3246 4150 208 156 So
3546 4146 196 160 ist
3830 4146 268 160 der
4182 4142 672 164 Franzoß
4950 4142 1004 196 fürkummen;
6058 4150 396 160 dann
6546 4150 264 160 der
6894 4150 476 204 könig
7458 4150 300 160 den
7842 4150 528 160 herren

2018 4366 760 164 Bellievre
2846 4370 476 164 heruß
3394 4374 824 200 geschickt,
4298 4374 296 156 den
4662 4370 468 204 könig
5202 4354 192 176 zü
5466 4374 672 160 schönen
6202 4422 316 112 von
6586 4374 408 164 sines
7062 4374 572 168 mordts
7710 4390 536 188 wägen
8246 4350 64 100 4
8318 4426 40 140 ;

2026 4590 264 160 der
2370 4590 316 164 halt
2774 4594 252 160 ein
3118 4594 548 204 langen
3754 4598 456 160 danth
4298 4594 752 204 yngelegt,
5150 4594 520 160 darinn
5758 4646 160 112 er
6002 4598 260 164 uff
6330 4598 824 160 admiralen
7246 4598 388 204 selig
7718 4598 312 164 und
8118 4598 244 164 die

2026 4814 432 160 sinen
2530 4818 372 160 alles
2910 4794 56 100 5
3050 4942 512 40 .....
3654 4946 32 32 .
3694 4798 64 96 6

2022 11110 48 80 3
2118 11122 436 128 Dieser
2626 11126 364 124 Hand
3054 11162 260 92 war
3382 11126 832 160 Gegenstandt
4286 11126 212 124 der
4570 11126 476 156 Tagsat-
5346 11110 56 80 4
5442 11122 240 128 Die
5738 11122 928 128 Bartholomäus
6722 11122 400 128 Nacht
7198 11122 388 128 1572?

2266 11338 324 124 zung
2650 11302 216 124 der
2918 11306 120 124 V
3098 11302 880 128 Katholischen
4038 11306 296 124 Orte
4398 11302 124 124 in
4578 11306 468 120 Luzern
5350 11286 48 80 5
5442 11298 268 164 Vgl.
5766 11286 760 180 JajEA^aJ
6578 11302 296 124 IV/2
6938 11302 244 124 506
7230 11298 76 128 i.

2266 11518 296 88 vom
2662 11486 108 124 5.
2870 11482 272 128 Mai
3254 11478 352 156 1572;
3710 11522 96 88 s.
3902 11470 756 180 |a§EAWa|
4746 11478 300 128 IV/2
5350 11466 52 80 6
5442 11478 1072 164 Unvollständiger
6566 11478 376 128 Brief.

2262 11662 288 128 492.
