9899 7011
3398 1510 548 164 [14169]
4022 1506 492 168 (undat.
4586 1502 388 136 Brief
5022 1502 1316 172 63)-***eigentlich
6402 1498 564 176 Zeitung

3566 1866 1132 220 [Ambrosius
4790 1862 612 180 Blarer
5486 1914 228 128 an
5798 1862 988 228 Bullinger]

2806 2190 616 176 [Beilage
3490 2234 168 92 zu
3722 2190 452 136 einem
4242 2182 392 140 Brief
4682 2182 380 136 Ende
5130 2182 796 176 September
6006 2182 348 136 1544
6418 2178 336 136 oder
6818 2178 644 176 später]:::
7498 2178 52 132 1

3362 2390 832 176 Autograph:
4270 2382 492 140 Zürich
4830 2382 328 160 StA,
5226 2386 112 132 E
5402 2382 120 136 II
5586 2382 320 160 441,
5994 2382 164 136 10
6226 2378 768 176 (Siegel....)

4742 2586 880 172 Ungedruckt

2325 3045 402 136 Regest

2330 3366 708 136 Nachdem
3114 3366 224 140 ich
3418 3406 220 96 am
3710 3366 792 172 herabryten
4582 3358 260 140 den
4922 3398 308 136 weg
5302 3354 852 180 geschafften
6234 3354 316 140 halb
6630 3350 312 144 auff
7002 3354 732 180 Ougspurg
7810 3398 176 132 ge­

2330 3610 544 116 nomen,
2934 3566 172 140 ist
3158 3566 256 140 mir
3466 3610 268 96 von
3790 3566 372 140 ainer
4210 3582 880 120 vertrauwten
5146 3602 532 136 person,
5738 3558 228 140 die
6014 3558 248 140 nitt
6310 3558 548 176 gerings
6914 3554 664 140 ansehens
7634 3558 216 160 ist,
7906 3554 140 140 in

2330 3770 544 180 gehaim
2970 3794 708 116 vertrauwt
3766 3770 276 140 und
4134 3766 536 176 anzaigt
4758 3762 592 164 worden,
5450 3766 240 136 das
5782 3762 500 176 gewiss
6378 3802 280 100 war
6750 3762 288 140 sein
7138 3762 252 160 sol,
7486 3762 244 136 das
7826 3758 224 144 die

2330 3974 940 172 bäpstischs[!]
3378 3974 644 156 hailikait,
4130 3974 240 132 der
4462 3966 596 136 römisch
5158 3966 488 172 kayser
5742 3966 276 132 und
6118 3962 420 176 künig
6638 3962 144 136 in
6882 3958 704 176 Hispania,
7690 3962 360 136 ouch

2334 4170 984 164 Ffr[ank]reich
3378 4194 440 152 sampt
3866 4170 264 136 den
4186 4166 800 180 geistlichen
5042 4162 840 136 churfürsten
5942 4162 272 136 und
6270 4162 500 136 andern
6826 4182 252 112 etc.
7142 4158 220 136 ain
7422 4158 628 176 gehaime

2330 4394 588 152 puntnus
2994 4370 668 176 gemacht,
3746 4370 224 136 die
4046 4366 756 140 luterschen
4882 4366 284 132 leer
5238 4362 192 136 im
5506 4362 436 176 grund
6018 4406 168 92 zu
6266 4362 740 136 vertilcken
7086 4362 276 136 und
7438 4362 320 136 dem
7834 4402 152 96 rö­

2334 4570 616 140 mischen
3030 4554 260 156 stöl
3366 4566 1372 156 wideruffzehelffen;
4818 4562 280 136 und
5174 4562 204 140 sol
5454 4562 116 136 ir
5638 4562 712 136 fümämen
6430 4602 292 132 syn,
6802 4562 224 136 die
7102 4562 328 136 sach
7502 4562 552 136 erstlich

2334 4774 304 136 mitt
2694 4774 644 136 Schotten
3402 4770 916 160 furzenemen,
4386 4766 580 140 darnach
5034 4766 296 136 mitt
5390 4766 260 136 den
5722 4762 956 160 Schweitzern,
6746 4762 440 140 weihe
7254 4806 156 132 sy
7474 4762 576 136 vermai-

2334 5014 268 92 nen
2674 4974 604 136 lichtlich
3354 4974 364 136 selbs
3790 5014 172 92 an
4038 4970 724 136 ainandem
4838 5006 164 96 ze
5070 4962 484 140 hetzen
5630 4962 336 160 sein,
6042 4966 276 136 und
6394 5002 156 136 sy
6626 4962 360 136 dann
7054 4962 304 136 mitt
7426 4966 320 172 vyle
7822 4962 236 136 der

2334 5170 1008 140 handschützen
3430 5214 160 92 ze
3674 5174 828 152 übersetzen,
4594 5166 276 136 und
4954 5166 388 136 achte
5426 5206 360 116 man,
5874 5206 152 96 es
6118 5206 236 132 sye
6442 5162 224 140 die
6746 5162 464 176 pratic,
7298 5162 248 140 das
7634 5162 420 140 durch

2342 5374 472 136 solhen
2886 5374 652 176 anschlag
3598 5370 752 176 Francrych
4422 5370 180 136 uß
4670 5366 264 140 den
5002 5406 564 136 grossen
5634 5366 752 176 Pensionen
6458 5366 276 136 und
6786 5362 532 180 jargelt,
7394 5366 360 136 ouch
7822 5406 168 96 an­

2338 5574 324 136 dern
2726 5574 964 136 beschwerden
3766 5574 288 136 sich
4122 5570 300 140 mitt
4486 5570 476 136 solhen
5030 5550 416 192 fügen
5514 5566 184 140 uß
5766 5566 236 140 der
6066 5566 1012 176 aidgnoschafft
7142 5566 484 140 ziehen
7694 5570 356 136 well.

2338 5774 688 172 Volgends
3110 5774 448 136 werde
3634 5814 316 96 man
4034 5774 136 132 in
4254 5770 328 136 aller
4658 5750 472 152 unrüw
5210 5770 220 132 ain
5510 5766 740 136 concilium
6330 5770 600 132 ansehen
7014 5766 272 136 und
7362 5766 696 176 dasselbig

2338 5974 800 136 understeen
3206 5974 300 136 mitt
3570 5974 408 172 gwalt
4042 5974 136 136 in
4250 5970 672 140 schneller
4978 5966 144 172 yl
5190 6010 168 96 zu
5422 5970 804 168 bestättigen
6294 5970 276 132 und
6638 6010 172 92 zu
6878 5946 808 156 volziehen.'
