4991 3566
1375 1252 369 75 Jan-Andrea
1776 1254 390 69 BERNHARD,
2198 1252 241 57 «Briefe
2473 1273 72 35 an
2578 1254 277 56 Heinrich
2887 1255 289 77 Bullinger
3207 1256 81 56 im
3320 1257 162 56 Blick
3515 1258 105 56 auf

1382 1347 386 77 Entstehung,
1827 1348 342 76 Abfassung
2229 1348 121 56 und
2412 1348 324 76 Rezeption
2799 1349 103 56 der
2965 1351 332 56 ‘Confessio
3363 1352 245 57 Raetica’

1385 1436 334 80 (1552/53),
1749 1441 59 55 in
1834 1463 8 33 :
1881 1442 325 77 Zwingliana,
2239 1441 103 57 Bd.
2371 1442 92 69 40,
2496 1443 170 69 2013,
2698 1443 50 56 S.
2784 1444 193 56 37-71.
3013 1445 68 54 In
3113 1445 221 57 diesem
3363 1446 245 57 Aufsatz

1386 1534 124 57 sind
1537 1535 272 78 folgende
1831 1537 192 57 Briefe
2046 1536 467 71 veröffentlicht:^

1499 1679 18 7 -
1540 1651 102 50 Pier
1662 1652 146 50 Paolo
1827 1653 232 63 Vergerio
2080 1669 58 34 an
2160 1653 259 63 Bullinger,
2446 1654 75 48 15.
2542 1655 292 49 November
2858 1657 141 55 1552,
3020 1656 90 49 auf
3122 1658 44 48 S.
3191 1659 164 48 55-57.

1499 1757 18 8 -
1535 1730 242 49 Johannes
1801 1732 272 49 Comander
2096 1732 96 49 und
2217 1731 184 63 Philipp
2425 1730 236 51 Gallicius
2686 1748 56 34 an
2768 1733 260 63 Bullinger,
3058 1735 73 48 12.
3157 1737 284 48 Dezember
3468 1738 141 55 1552,

1617 1807 149 50 aufS.
1790 1809 161 49 57-59.

1498 1911 19 8 -
1535 1885 241 49 Johannes
1807 1887 273 48 Comander
2110 1887 96 48 und
2238 1885 184 63 Philipp
2454 1886 236 50 Gallicius
2720 1902 56 34 an
2811 1888 260 61 Bullinger,
3103 1890 45 48 6.
3173 1891 149 47 März
3356 1892 142 54 1553,
3529 1891 89 48 auf

1618 1962 44 48 S.
1689 1963 161 48 59-62.
3489 1970 44 54 I/

1498 2064 18 6 -
1535 2037 241 48 Johannes
1803 2039 272 47 Comander
2101 2039 95 47 und
2226 2038 184 61 Philipp
2437 2038 236 49 Gallicius
2699 2053 57 34 an
2785 2040 262 61 Bullinger,
3075 2041 78 48 22.
3180 2043 146 59 April
3361 2043 141 55 1553,
3528 2043 89 48 auf

1617 2113 45 48 S.
1687 2113 163 49 62-67.

1498 2216 18 7 -
1538 2189 186 62 Philipp
1745 2190 234 49 Gallicius
2000 2206 59 33 an
2080 2191 258 61 Bullinger,
2361 2192 45 47 6.
2426 2192 121 47 Juni
2574 2192 140 55 1553,
2736 2192 89 49 auf
2838 2194 44 47 S.
2907 2194 164 48 67-69.

1497 2291 18 7 -
1537 2264 187 62 Philipp
1744 2266 235 48 Gallicius
2000 2281 57 33 an
2079 2267 260 61 Bullinger,
2361 2267 45 47 2.
2428 2267 301 60 September
2753 2269 143 56 1553,
2917 2269 89 48 auf
3020 2270 45 47 S.
3089 2271 162 48 69-71.
