9971 14161
1230 1306 488 136 Rainer
1762 1306 580 140 Henrich
2390 1310 520 136 datiert
2950 1314 288 136 den
3290 1314 364 140 Brief
3690 1318 256 136 auf
3986 1326 412 132 1574:

1226 1722 220 140 die
1502 1730 720 168 Datierung
2270 1730 256 140 des
2578 1730 416 140 Briefs
3042 1770 176 100 an
3274 1742 360 132 Hans
3690 1738 488 144 Rudolf
4222 1738 652 172 Bullinger
4922 1738 360 140 halte
5338 1742 200 136 ich
5590 1738 220 140 für
5846 1742 388 172 völlig
6278 1746 724 172 gesichert,
7058 1746 368 140 nicht
7478 1770 288 136 nur,
7818 1738 296 148 weil
8162 1750 252 136 der

1230 1982 352 140 Brief
1618 1982 660 176 aufgrund
2334 1990 252 140 der
2638 1990 876 176 Reihenfolge
3562 1998 256 140 der
3858 1998 852 140 Abschriften
4770 1998 744 140 höchstens
5562 2038 252 100 aus
5858 2006 456 136 einem
6366 2010 700 164 späteren,
7126 2006 364 140 nicht
7538 2006 336 140 aber
7918 2042 252 104 aus
8214 2010 456 132 einem

1218 2242 644 148 früheren
1906 2250 316 136 Jahr
2262 2266 696 128 stammen
3014 2254 556 164 könnte,
3626 2262 608 136 sondern
4286 2258 292 140 weil
4634 2294 320 100 man
5002 2262 508 172 gerade
5566 2266 120 132 in
5742 2262 476 140 diesen
6266 2270 448 168 Tagen
6766 2262 244 144 auf
7046 2270 316 136 eine
7422 2266 988 172 Entscheidung
8462 2270 172 132 im

1230 2506 1280 144 Paradieserhandel
2566 2510 696 144 handelte.
3326 2522 468 140 Dieser
3834 2554 284 104 war
4166 2558 260 104 u.a.
4478 2554 488 144 wegen
5018 2518 252 140 der
5314 2522 572 172 Haltung
5942 2526 284 140 Uris
6278 2526 168 136 im
6510 2526 596 172 Frühling
7162 2530 360 136 1574
7574 2530 124 132 in
7750 2526 252 140 der
8042 2526 660 140 Schwebe

1222 2758 300 176 (vgl.
1582 2774 184 132 EA
1818 2762 380 168 IV/2a
2254 2778 268 132 532
2582 2774 268 144 und
2906 2782 316 156 535,
3274 2778 344 144 dazu
3678 2774 400 168 IV/2b
4134 2778 452 172 1039),
4642 2814 152 104 er
4834 2778 324 140 wird
5214 2782 344 140 auch
5614 2786 172 136 im
5850 2782 940 144 Briefwechsel
6842 2786 668 140 zwischen
7570 2786 452 144 Ulmer
8070 2786 272 144 und
8498 2922 32 24 .

1226 3026 644 172 Bullinger
1910 3034 512 168 gerade
2482 3038 172 132 im
2710 3030 796 180 März/April
3562 3038 364 148 1574
3978 3042 700 140 mehrfach
4730 3046 1088 164 angesprochen.
5878 3054 172 128 Im
6110 3050 576 136 Diarium
6746 3046 672 144 berichtet
7474 3042 652 176 Bullinger
8166 3046 244 144 auf
8446 3054 120 132 S.

1226 3290 268 136 120
1542 3306 400 120 unter
1982 3290 324 140 dem
2362 3298 128 132 6.
2538 3298 348 164 April
2942 3306 364 128 1574
3362 3302 340 140 über
3746 3302 224 136 die
4014 3302 716 136 Annahme
4782 3298 252 136 der
5074 3302 924 140 Schiedmittel
6050 3306 416 140 durch
6518 3306 1040 148 Schaffhausen.

1218 4142 676 140 Reinhard
1946 4142 972 148 Bodenmanh:
2962 4150 700 144 vielleicht
3706 4158 180 136 ist
3930 4158 256 140 der
4230 4154 364 140 Brief
4630 4154 440 140 schon
5118 4190 256 104 aus
5418 4158 332 136 dem
5794 4158 324 140 Jahr
6158 4166 364 132 1572

1210 4558 260 136 Wir
1514 4558 444 140 haben
2010 4562 260 136 alle
2322 4566 740 136 undatierte
3118 4570 432 136 Briefe
3602 4570 728 176 Bullingers
4382 4602 172 104 an
4614 4570 232 136 HR
4894 4574 692 136 entweder
5634 4574 116 132 in
5810 4574 392 140 hbbw
6250 4578 336 136 oder
6630 4578 364 136 dann
7046 4574 244 140 auf
7330 4578 272 136 den
7662 4578 920 136 Mikrofischen

1218 4782 804 172 überflogen.
2094 4786 480 140 Keiner
2618 4790 460 136 dieser
3126 4790 432 140 Briefe
3606 4794 504 136 enthält
4154 4794 220 136 die
4422 4826 260 100 von
4746 4790 208 136 Dir
4998 4798 684 164 gesandte
5738 4798 672 168 Passage.
6478 4798 268 136 Der
6794 4798 348 140 Brief
7182 4802 168 136 ist
7394 4802 304 136 also
7754 4802 800 136 unbekannt

1218 5002 216 140 Mit
1478 5030 628 144 grossem
2166 5006 732 172 Besorgnis
2954 5010 368 140 habe
3378 5014 196 136 ich
3634 5018 336 132 aber
4014 5018 404 136 dabei
4466 5002 832 180 festgesteilt,
5358 5018 352 132 dass
5758 5018 440 168 einige
6246 5018 248 140 der
6538 5006 704 184 angeblich
7306 5022 820 136 undatierten
8190 5022 424 140 Briefe

1214 5254 172 104 an
1446 5226 228 132 HR
1730 5226 164 136 im
1946 5226 568 172 Original
2570 5234 328 132 sehr
2938 5234 344 160 wohl
3334 5238 464 132 datiert
3842 5238 308 132 sind
4206 5238 260 132 und
4522 5262 244 144 gar
4818 5234 348 132 nicht
5210 5238 264 136 den
5530 5238 504 136 Jahren
6086 5242 868 152 zuzuordnen
7010 5242 336 152 sind,
7414 5242 116 132 in
7586 5242 452 136 denen
8098 5242 204 136 sie
8354 5242 288 136 sich

1218 5442 112 136 in
1390 5474 560 112 unserer
1998 5446 376 136 Datei
2434 5450 672 136 befinden!
3174 5426 1376 196 Dementsprechend
4582 5466 576 128 müssen
5218 5458 112 132 in
5382 5458 532 168 einigen
5978 5458 436 136 Fällen
6478 5458 972 136 Brief-Fischen
7502 5462 344 144 viele
7890 5462 416 140 Jahre

1210 5666 440 136 früher
1690 5670 880 172 eingeordnet
2610 5674 588 160 werden,
3254 5706 396 108 wenn
3710 5710 316 104 man
4082 5678 212 136 sie
4342 5682 464 164 später
4854 5678 348 132 nicht
5246 5698 760 152 vergessen
6058 5682 264 132 will.
6378 5682 268 132 Wir
6690 5682 452 136 haben
7198 5710 264 112 uns
7514 5682 392 136 diese
7950 5682 624 172 Aufgabe

1218 5890 484 136 notiert.
1758 5882 432 148 Wann
2242 5894 712 176 allerdings
3002 5898 224 136 wir
3266 5898 284 140 Zeit
3594 5898 388 144 dafür
4022 5898 444 144 finden
4518 5898 584 160 werden,
5158 5902 352 136 weiß
5566 5902 196 136 ich
5822 5906 348 136 noch
6230 5906 380 136 nicht.

1210 6114 508 140 Zurück
1762 6150 164 112 zu
1986 6118 568 148 Deinem
2614 6122 364 140 Fund
3038 6126 268 152 und
3366 6126 564 140 nämlich
3982 6158 316 104 zum
4358 6126 476 136 Datum
4886 6126 268 136 des
5210 6114 540 152 Briefes.
5818 6130 264 136 Der
6134 6126 340 144 Brief
6518 6130 168 140 ist
6734 6130 536 136 meines
7322 6130 740 140 Erachtens
8118 6130 348 140 nicht
8514 6130 116 136 in

1210 6338 264 140 das
1522 6342 324 140 Jahr
1898 6342 356 140 1574
2306 6350 892 156 anzusetzen,
3262 6350 592 136 sondern
3914 6354 116 132 in
4086 6350 268 140 das
4402 6350 328 140 Jahr
4786 6350 392 172 1572,
5234 6382 484 140 wegen
5774 6354 272 136 den
6098 6354 292 136 dort
6430 6350 888 180 angeführten
7370 6350 716 152 "Paradies
8142 6350 612 164 Handel",

1206 6562 276 160 der,
1534 6566 252 140 wie
1830 6594 172 112 es
2050 6566 224 140 die
2330 6566 644 180 Passage
3022 6578 692 136 vermuten
3774 6574 372 160 lässt,
4214 6574 344 140 noch
4610 6570 600 140 ziemlich
5270 6606 260 108 neu
5590 6578 264 136 und
5918 6574 648 176 Bullinger
6610 6574 352 140 noch
7018 6578 356 140 nicht
7414 6606 180 116 so
7646 6578 428 172 richtig
8134 6578 592 144 bekannt

1214 6786 192 136 ist.
1470 6790 248 132 Für
1758 6790 264 136 das
2078 6790 480 136 Datum
2614 6798 556 136 schicke
3226 6798 200 136 ich
3490 6802 204 132 Dir
3742 6802 268 132 den
4066 6830 260 104 von
4390 6802 228 132 mir
4662 6826 356 140 ganz
5070 6802 324 164 grob
5446 6802 824 136 annotierten
6334 6802 348 136 Brief
6726 6798 728 172 Bullingers
7502 6834 180 104 an
7742 6802 224 132 HR
8018 6834 260 104 von

1206 7006 528 180 Anfang
1778 7014 508 144 Januar
2346 7014 388 140 1573.
4842 7106 20 40 :
