4994 7082
1181 777 338 71 Antwort:
1560 779 132 70 Re:
1733 781 207 70 Duke
1968 781 78 70 of
2071 781 278 70 Suffolk
2405 769 75 93 Q

1187 881 327 65 Reinhard
1548 883 439 65 Bodenmann
2086 886 115 60 An:
2236 885 473 79 jamesdtaylor

3802 894 362 57 19.11.2014
4193 894 180 57 08:59

623 1106 187 66 Dear
840 1106 117 83 Sir,

620 1331 249 68 Thank
894 1358 139 67 you
1064 1333 111 68 for
1200 1358 175 69 your
1401 1336 484 86 Information,
1912 1339 234 68 which
2177 1341 27 65 I
2234 1339 176 67 have
2439 1338 372 93 rcgistcred
2837 1340 72 67 in
2940 1341 116 68 thc
3086 1342 249 67 entries
3368 1342 88 68 of
3477 1342 115 68 die
3623 1358 142 52 two
3796 1343 261 67 known
4086 1344 227 67 letters

621 1442 316 70 between
965 1446 348 93 Bullinger
1343 1449 137 66 and
1510 1449 118 68 the
1659 1450 202 68 duke.
1897 1454 61 64 It
1983 1451 136 67 will
2148 1452 199 66 allow
2374 1476 103 57 us,
2509 1468 67 50 at
2604 1452 115 67 the
2748 1453 204 92 given
2982 1454 187 82 time,
3200 1470 75 51 to
3305 1454 178 68 have
3511 1481 37 41 a
3576 1454 173 68 look
3776 1471 67 51 at
3869 1479 172 68 your

621 1557 426 91 publication
1076 1560 139 66 and
1243 1561 249 92 maybe
1523 1578 75 51 to
1628 1563 180 67 refer
1837 1579 74 52 to
1941 1564 69 67 it.

620 1783 150 68 The
798 1784 194 68 letter
1017 1810 142 68 you
1188 1809 112 45 are
1327 1786 293 95 looking
1649 1788 112 69 for
1785 1790 56 67 is
1870 1790 74 67 in
1976 1790 139 68 fact
2142 1816 37 42 a
2209 1789 396 68 dedication
2634 1791 137 67 and
2797 1791 401 69 introduces
3231 1816 139 44 one
3401 1792 88 68 of
3508 1792 118 68 the
3655 1808 193 53 most
3877 1793 382 68 successful

620 1896 460 92 publications
1114 1898 87 68 of
1220 1899 370 94 Bullinger,
1621 1902 273 93 namely
1923 1903 117 67 the
2071 1902 355 68 Sermonum
2453 1901 168 69 decas
2643 1906 232 89 quinta,
2937 1904 232 67 which
3194 1930 142 42 was
3371 1904 149 68 first
3546 1905 278 92 printed
3851 1905 72 67 in
3953 1905 257 67 Zürich

649 3027 342 58 Dedication
1021 3029 291 72 Bullinger
1332 3035 58 52 to
1420 3031 169 56 Duke
1616 3031 159 72 Grey
1798 3032 62 56 of
1883 3031 353 71 Suffolk.pdf

618 3240 208 69 What
851 3266 138 67 you
1019 3241 256 68 should
1305 3243 144 67 also
1480 3243 216 68 know
1725 3245 219 67 about
1972 3245 132 67 this
2135 3243 452 94 publication,
2615 3244 53 68 is
2701 3245 147 67 that
2876 3245 116 67 the
3024 3245 294 68 decades
3346 3246 234 67 where
3609 3246 374 92 published

620 3353 515 93 progressively:

619 3579 151 67 The
804 3577 368 71 "decades"
1209 3605 138 44 one
1376 3582 139 67 and
1545 3598 142 52 two
1716 3583 71 67 in
1823 3584 176 67 1549
2028 3607 183 44 were
2240 3581 364 69 dedicated
2634 3599 72 51 to
2739 3583 258 67 Zürich
3028 3583 304 68 scholars

619 3692 151 68 The
801 3693 180 68 third
1012 3691 280 70 "decas"
1324 3721 139 42 was
1498 3696 364 68 dedicated
1889 3697 72 66 in
1990 3697 246 67 March
2273 3695 177 68 1550
2481 3711 74 51 to
2586 3697 190 92 King
2803 3696 284 67 Eduard
3111 3699 101 64 VI

619 3805 151 68 The
802 3806 236 68 fourth
1064 3833 140 41 was
1238 3808 365 68 dedicated
1629 3809 73 67 in
1732 3810 403 68 December
2171 3809 176 68 1550
2378 3824 74 51 to
2484 3808 116 67 the
2632 3833 188 44 same
2850 3809 179 93 king.

619 3918 151 67 The
802 3918 158 68 fifth
990 3920 137 66 and
1154 3920 130 68 last
1308 3946 140 42 was
1481 3921 366 69 dedicated
1876 3939 75 51 to
1979 3946 175 70 your
2182 3921 232 82 Duke,
2443 3920 72 67 in
2543 3922 246 67 March
2822 3923 197 66 1551.

618 4142 114 68 All
760 4144 116 68 the
907 4145 135 68 five
1073 4146 295 68 decades
1396 4170 185 45 were
1611 4149 261 67 several
1900 4149 201 67 times
2132 4146 471 94 republished,
2635 4148 114 67 the
2783 4148 149 67 first
2960 4148 164 67 time
3152 4148 72 66 in
3258 4149 179 66 1552
3472 4148 170 91 (also
3669 4147 191 83 with,
3891 4164 67 51 at
3985 4147 117 67 the

621 4254 376 95 beginning
1025 4257 87 67 of
1133 4257 118 68 the
1283 4257 161 69 fifth
1478 4255 308 72 "Decas"
1822 4260 116 67 the
1970 4259 396 68 dedication
2396 4273 74 52 to
2501 4258 327 90 Suffolk),
2859 4259 169 68 then
3054 4259 71 67 in
3160 4260 201 82 1557,
3396 4259 200 82 1562,
3632 4259 200 83 1567,
3868 4259 198 82 1577,

629 4369 283 92 [1587?].

625 4600 60 66 It
709 4599 236 68 would
973 4599 146 68 also
1148 4599 90 68 be
1268 4600 271 93 helpful
1566 4617 75 52 to
1671 4602 214 68 know
1913 4602 148 68 that
2089 4602 191 68 there
2306 4625 140 43 was
2480 4626 54 41 a:

628 4711 61 90 1)
725 4712 312 68 German
1066 4713 405 69 translation
1502 4714 149 68 that
1678 4715 348 93 appeared
2057 4715 111 67 for
2198 4714 115 68 the
2344 4713 150 67 first
2523 4713 164 69 time
2713 4714 73 67 in
2820 4715 200 82 1558,
3047 4714 233 68 where
3310 4714 85 68 all
3423 4714 116 68 the
3569 4713 425 68 Dedication
4019 4736 182 45 were
4231 4738 69 42 as

620 4824 154 67 well
802 4825 368 67 translated
1204 4826 286 91 (reprint
1515 4826 73 67 in
1623 4828 225 88 1568).
1883 4830 82 63 In
1995 4828 118 66 the
2141 4827 165 66 later
2333 4825 293 92 reprints
2658 4826 87 67 of
2769 4826 177 67 1597
2978 4826 137 67 and
3149 4827 200 81 1598,
3381 4827 117 66 the
3528 4826 430 66 dedications
3991 4842 73 50 to
4096 4826 117 66 the

624 4936 288 91 English
938 4937 476 91 personalities
1448 4938 475 92 disappeared.

624 5048 66 89 2)
724 5074 37 40 a
789 5049 240 67 Dutch
1060 5050 405 67 translation
1492 5051 73 65 in
1600 5052 177 67 1563
1813 5052 191 90 (with
2034 5077 37 41 a
2100 5049 404 69 translation
2534 5050 87 66 of
2642 5051 81 65 all
2752 5050 116 67 the
2899 5050 458 89 dedications)
3393 5050 264 92 equally
3685 5049 350 92 reprinted
4066 5049 259 67 several

625 5159 198 68 times

626 5273 65 88 3)
725 5299 37 41 a
791 5274 268 67 French
1089 5275 405 66 translation
1521 5275 73 66 in
1629 5277 199 81 1559,
1857 5293 113 74 yet
1994 5276 299 66 without
2322 5275 116 65 the
2469 5273 428 68 dedications
2931 5291 74 50 to
3036 5275 115 65 the
3182 5274 291 91 English
3502 5274 497 91 personalities.

626 5384 65 90 4)
726 5409 87 43 an
843 5385 286 94 English
1160 5386 406 68 translation
1594 5387 375 93 published
1997 5388 70 66 in
2096 5386 308 68 London
2431 5385 72 67 in
2533 5385 117 68 the
2675 5409 157 70 year
2866 5387 200 82 1577,
3092 5386 302 68 without
3423 5385 115 68 the
3571 5385 150 67 first
3748 5385 424 67 Dedication
4201 5400 73 52 to

626 5497 116 67 the
774 5497 253 68 Zürich
1058 5498 305 68 scholars
1397 5499 139 67 and
1562 5500 301 67 without
1896 5497 566 94 (unfortunately)
2498 5497 116 68 the
2645 5498 395 68 dedication
3070 5514 72 52 to
3174 5498 117 68 the
3320 5498 234 83 Duke,
3582 5514 114 76 yet
3725 5498 131 67 still
3880 5497 167 67 with
4077 5497 117 67 the
4223 5512 141 52 two

627 5609 424 69 dedications
1084 5626 75 52 to
1190 5611 286 67 Eduard
1501 5614 122 64 VI.
1654 5612 167 68 This
1855 5612 404 68 translation
2284 5636 141 42 was
2456 5611 352 92 reprinted
2837 5611 260 67 several
3124 5612 201 66 times
3361 5612 229 91 (1584,
3626 5611 201 83 1587,
3863 5611 198 82 1840,
4093 5610 175 89 etc.).

626 5724 186 65 Here
843 5723 113 66 the
984 5723 143 65 link
1156 5739 74 50 to
1261 5724 117 66 the
1410 5724 151 66 first
1590 5725 352 91 complete
1972 5725 290 90 English
2292 5722 402 68 translation
2725 5723 88 67 of
2834 5724 116 66 the
2980 5724 322 66 Decades
3340 5724 143 89 (the
3514 5746 137 43 one
3681 5723 276 90 printed
3984 5723 72 65 in
4090 5722 224 88 1577):

625 5835 173 91 http:
806 5835 259 72 //eebo.
1075 5837 186 70 chad
1264 5861 116 67 wy
1386 5837 107 71 ck.
1503 5838 454 71 com/search

627 2010 194 66 1551.

621 2124 186 66 Here
839 2124 113 67 the
978 2125 180 67 Link
1186 2141 75 52 to
1292 2126 116 68 the
1437 2127 202 68 book
1665 2129 373 93 nowadays
2072 2128 416 94 completely
2517 2128 399 94 digitalised:

620 2356 1990 93 http://www.e-rara.ch/zuz/content/titleinfo/478847

622 2596 186 66 Here
838 2621 68 42 as
934 2596 155 67 well
1117 2596 117 68 the
1262 2597 309 68 relevant
1597 2621 209 70 pages
1836 2599 73 67 in
1937 2599 139 93 pdf
2100 2599 275 67 format:

628 6068 27 63 I
683 6067 175 65 wish
884 6092 139 66 you
1052 6067 84 66 all
1164 6067 118 67 the
1310 6068 157 66 best
1499 6068 111 66 for
1635 6092 175 67 your
1837 6069 337 66 research.

629 6288 337 94 Sincerely
991 6313 231 69 yours,
