9928 7068
2521 2425 748 156 Jan-Andrea
3325 2429 790 144 BERNHARDj
4173 2473 62 72 «
4275 2427 384 126 Briefe
4721 2469 150 78 an
4931 2427 562 124 Heinrich
5553 2429 586 160 Bullinger
6193 2433 166 116 im
6417 2433 330 124 Blick
6807 2433 220 118 auf

2539 2615 776 162 Entstehung,
3433 2617 686 164 Abfassung
4233 2619 254 124 und
4601 2617 658 158 Rezeption
5377 2619 210 120 der
5707 2619 672 124 ‘Confessio
6501 2623 500 122 Raetica’

2547 2795 670 166 (1552/53),
3273 2805 196 118 in:
3539 2807 654 164 Zwingliana,
4253 2809 218 120 Bd.
4519 2811 192 140 40,
4771 2807 346 144 2013,
5175 2807 108 122 S.
5351 2811 386 120 37-71.
5803 2813 142 116 In
6003 2811 446 126 diesem
6501 2809 502 130 Aufsatz

2543 2989 258 120 sind
2847 2991 552 160 folgende
3439 2995 388 120 Briefe
3867 2995 904 124 veröffentlicht

2773 3279 42 20 -
2849 3223 216 104 Pier
3097 3225 298 112 Paolo
3431 3227 468 132 Vergerio
3935 3259 124 74 an
4093 3229 528 128 Bullinger,
4669 3229 162 106 15»
4861 3231 590 104 November
5491 3233 290 120 1552,
5817 3231 188 106 auf
6023 3235 94 104 S.
6161 3119 540 218 55-51.^

2429 3383 34 24 "
2775 3435 38 20 -
2847 3381 486 106 Johannes
3375 3383 552 106 Comander
3965 3387 204 102 und
4205 3383 380 132 Philipp
4627 3381 480 108 Gallicius
5149 3413 124 74 an
5313 3385 526 134 Bullinger,
5891 3389 158 102 12.
6093 3391 572 108 Dezember
6715 3391 290 122 1552,

3011 3533 184 104 auf
3217 3537 96 102 S.
3357 3537 326 104 57-59.

2443 3795 34 26 „
2777 3745 38 20 -
2847 3687 486 116 Johannes
3391 3693 550 108 Comander
3995 3699 198 100 und
4249 3695 378 128 Philipp
4685 3695 478 104 Gallicius
5219 3725 122 74 an
5395 3697 530 130 Bullinger,
5983 3701 100 104 6.
6121 3703 306 100 März
6487 3699 294 122 1553,
6835 3701 188 104 auf

3011 3845 96 106 S.
3153 3847 330 104 59-62.

2773 4053 40 20 -
2847 3999 488 104 Johannes
3381 4003 552 102 Comander
3977 4005 200 100 und
4225 4003 378 126 Philipp
4651 4001 478 106 Gallicius
5179 4031 124 72 an
5349 4005 528 128 Bullinger,
5927 4007 166 98 22.
6139 4009 300 126 April
6493 4009 296 118 1553,
6835 4009 186 102 auf

3009 4151 96 100 S.
3149 4151 334 106 62-67.

2773 4353 40 22 -
2847 4301 386 128 Philipp
3265 4303 474 106 Gallicius
3775 4333 124 74 an
3933 4305 530 130 Bullinger,
4503 4307 92 100 6.
4627 4307 252 100 Juni
4925 4305 292 118 1553,
5253 4307 182 102 auf
5455 4309 92 102 S.
5593 4309 332 102 67-69.

2773 4505 38 18 -
2847 4451 384 128 Philipp
3265 4453 474 106 Gallicius
3775 4483 124 74 an
3933 4455 530 130 Bullinger,
4501 4457 94 100 2.
4631 4457 614 128 September
5285 4459 292 118 1553,
5613 4457 184 102 auf
5817 4459 100 102 S,
5955 4461 332 100 69-71.
