<?xml version="1.0" encoding="UTF-8" standalone="yes"?>
<alto xmlns="http://www.loc.gov/standards/alto/ns-v2#" xmlns:xlink="http://www.w3.org/1999/xlink" xmlns:xsi="http://www.w3.org/2001/XMLSchema-instance" xsi:schemaLocation="http://www.loc.gov/standards/alto/ns-v2# http://www.loc.gov/standards/alto/alto-v2.0.xsd">
<Description>
<MeasurementUnit>pixel</MeasurementUnit>
<OCRProcessing ID="IdOcr"><ocrProcessingStep><processingDateTime>2020-03-10</processingDateTime><processingSoftware><softwareCreator>ABBYY</softwareCreator><softwareName>ABBYY Recognition Server</softwareName><softwareVersion>4.0</softwareVersion></processingSoftware></ocrProcessingStep></OCRProcessing>
</Description>
<Styles>
<ParagraphStyle ID="StyleId-FFFFFFFF-FFFF-FFFF-FFFF-FFFFFFFFFFFF-" ALIGN="Left" LEFT="0." RIGHT="0." FIRSTLINE="0."/>
<ParagraphStyle ID="StyleId-A418628A-E8D8-4F83-A986-E4F418D0908D-" ALIGN="Left" LEFT="0." RIGHT="0." FIRSTLINE="0." LINESPACE="15.89999962"/>
<ParagraphStyle ID="StyleId-A858010A-F1B2-4E71-99FB-515AEC4D0AE2-" ALIGN="Left" LEFT="0." RIGHT="0." FIRSTLINE="-45." LINESPACE="13.43999958"/>
<ParagraphStyle ID="StyleId-207F58B3-35FA-4C67-803B-4B7C23895C81-" ALIGN="Left" LEFT="0." RIGHT="0." FIRSTLINE="0."/>
</Styles>
<Layout>
<Page ID="Page1" PHYSICAL_IMG_NR="1" HEIGHT="6954" WIDTH="9834">
<TopMargin HEIGHT="344" WIDTH="9834" VPOS="0" HPOS="0">
</TopMargin>
<LeftMargin HEIGHT="4724" WIDTH="708" VPOS="344" HPOS="0">
</LeftMargin>
<RightMargin HEIGHT="4724" WIDTH="6" VPOS="344" HPOS="9828">
</RightMargin>
<BottomMargin HEIGHT="1886" WIDTH="9834" VPOS="5068" HPOS="0">
<TextBlock ID="Page1_Block1" HEIGHT="196" WIDTH="172" VPOS="5748" HPOS="1920" language="de" STYLEREFS="StyleId-A418628A-E8D8-4F83-A986-E4F418D0908D-">
<TextLine BASELINE="5928" HEIGHT="144" WIDTH="124" VPOS="5786" HPOS="1946"><String CONTENT="V" HEIGHT="144" WIDTH="124" VPOS="5786" HPOS="1946"/></TextLine>
</TextBlock>
</BottomMargin>
<PrintSpace HEIGHT="4724" WIDTH="9120" VPOS="344" HPOS="708">
<TextBlock ID="Page1_Block2" HEIGHT="504" WIDTH="8244" VPOS="344" HPOS="708" language="de" STYLEREFS="StyleId-A858010A-F1B2-4E71-99FB-515AEC4D0AE2-">
<TextLine BASELINE="559" HEIGHT="232" WIDTH="8196" VPOS="370" HPOS="734"><String CONTENT="Marburg" HEIGHT="200" WIDTH="864" VPOS="402" HPOS="734"/><SP WIDTH="114" VPOS="406" HPOS="1599"/><String CONTENT="HStA," HEIGHT="196" WIDTH="584" VPOS="406" HPOS="1714"/><SP WIDTH="158" VPOS="406" HPOS="2299"/><String CONTENT="3" HEIGHT="180" WIDTH="112" VPOS="406" HPOS="2458"/><SP WIDTH="150" VPOS="382" HPOS="2571"/><String CONTENT="(PA)" HEIGHT="208" WIDTH="440" VPOS="382" HPOS="2722"/><SP WIDTH="154" VPOS="382" HPOS="3163"/><String CONTENT="1797" HEIGHT="188" WIDTH="476" VPOS="402" HPOS="3318"/><SP WIDTH="154" VPOS="406" HPOS="3795"/><String STYLE="superscript" CONTENT=";" HEIGHT="108" WIDTH="56" VPOS="438" HPOS="3950"/><SP WIDTH="170" VPOS="438" HPOS="4007"/><String CONTENT="zw." HEIGHT="116" WIDTH="324" VPOS="446" HPOS="4178"/><SP WIDTH="154" VPOS="402" HPOS="4503"/><String CONTENT="das" HEIGHT="168" WIDTH="368" VPOS="402" HPOS="4658"/><SP WIDTH="122" VPOS="394" HPOS="5027"/><String CONTENT="Doppelblatt" HEIGHT="200" WIDTH="1332" VPOS="394" HPOS="5150"/><SP WIDTH="150" VPOS="374" HPOS="6483"/><String CONTENT="(fol41" HEIGHT="208" WIDTH="708" VPOS="374" HPOS="6634"/><SP WIDTH="114" VPOS="402" HPOS="7343"/><String CONTENT="und" HEIGHT="168" WIDTH="380" VPOS="398" HPOS="7458"/><SP WIDTH="126" VPOS="398" HPOS="7839"/><String CONTENT="160)" HEIGHT="212" WIDTH="456" VPOS="370" HPOS="7966"/><SP WIDTH="146" VPOS="370" HPOS="8423"/><String CONTENT="des" HEIGHT="160" WIDTH="360" VPOS="402" HPOS="8570"/></TextLine>
<TextLine BASELINE="781" HEIGHT="204" WIDTH="6940" VPOS="622" HPOS="742"><String CONTENT="Briefes" HEIGHT="164" WIDTH="848" VPOS="622" HPOS="742"/><SP WIDTH="142" VPOS="670" HPOS="1591"/><String CONTENT="sind" HEIGHT="164" WIDTH="480" VPOS="622" HPOS="1734"/><SP WIDTH="114" VPOS="630" HPOS="2215"/><String CONTENT="folgende." HEIGHT="192" WIDTH="1040" VPOS="630" HPOS="2330"/><SP WIDTH="66" VPOS="630" HPOS="3371"/><String CONTENT="Beilagen" HEIGHT="196" WIDTH="980" VPOS="630" HPOS="3438"/><SP WIDTH="118" VPOS="666" HPOS="4419"/><String CONTENT="eingelegt:" HEIGHT="200" WIDTH="1188" VPOS="622" HPOS="4538"/><SP WIDTH="1855" VPOS="646" HPOS="5782"/><String STYLE="superscript" CONTENT="1" HEIGHT="72" WIDTH="44" VPOS="646" HPOS="7638"/></TextLine>
</TextBlock>
<TextBlock ID="Page1_Block3" HEIGHT="520" WIDTH="1500" VPOS="1412" HPOS="716" language="de" STYLEREFS="StyleId-A858010A-F1B2-4E71-99FB-515AEC4D0AE2-">
<TextLine BASELINE="1664" HEIGHT="252" WIDTH="1356" VPOS="1438" HPOS="742"><String CONTENT="fo" HEIGHT="160" WIDTH="232" VPOS="1506" HPOS="742"/><SP WIDTH="142" VPOS="1510" HPOS="975"/><String CONTENT="142-150" HEIGHT="188" WIDTH="852" VPOS="1502" HPOS="1118"/><String STYLE="superscript" CONTENT="v" HEIGHT="116" WIDTH="136" VPOS="1438" HPOS="1962"/></TextLine>
<TextLine BASELINE="1892" HEIGHT="212" WIDTH="1428" VPOS="1698" HPOS="766"><String CONTENT="(151" HEIGHT="208" WIDTH="460" VPOS="1702" HPOS="766"/><SP WIDTH="126" VPOS="1726" HPOS="1227"/><String CONTENT="f" HEIGHT="152" WIDTH="116" VPOS="1726" HPOS="1354"/><SP WIDTH="134" VPOS="1726" HPOS="1471"/><String CONTENT="leer)" HEIGHT="204" WIDTH="588" VPOS="1698" HPOS="1606"/></TextLine>
</TextBlock>
<TextBlock ID="Page1_Block4" HEIGHT="524" WIDTH="1404" VPOS="3248" HPOS="716" language="de" STYLEREFS="StyleId-A858010A-F1B2-4E71-99FB-515AEC4D0AE2-">
<TextLine BASELINE="3507" HEIGHT="256" WIDTH="1356" VPOS="3274" HPOS="742"><String CONTENT="fo" HEIGHT="156" WIDTH="228" VPOS="3350" HPOS="742"/><SP WIDTH="146" VPOS="3354" HPOS="971"/><String CONTENT="153-158" HEIGHT="184" WIDTH="844" VPOS="3346" HPOS="1118"/><String STYLE="superscript" CONTENT="v" HEIGHT="116" WIDTH="136" VPOS="3274" HPOS="1962"/></TextLine>
<TextLine BASELINE="3730" HEIGHT="212" WIDTH="1176" VPOS="3538" HPOS="766"><String CONTENT="(159" HEIGHT="208" WIDTH="464" VPOS="3538" HPOS="766"/><SP WIDTH="130" VPOS="3562" HPOS="1231"/><String CONTENT="leer)" HEIGHT="212" WIDTH="580" VPOS="3538" HPOS="1362"/></TextLine>
</TextBlock>
<TextBlock ID="Page1_Block5" HEIGHT="4180" WIDTH="7284" VPOS="888" HPOS="2544" language="de" STYLEREFS="StyleId-A858010A-F1B2-4E71-99FB-515AEC4D0AE2-">
<TextLine BASELINE="1108" HEIGHT="204" WIDTH="6236" VPOS="950" HPOS="3070"><String CONTENT="Gutachten" HEIGHT="164" WIDTH="1100" VPOS="958" HPOS="3070"/><SP WIDTH="122" VPOS="958" HPOS="4171"/><String CONTENT="Bullingers" HEIGHT="196" WIDTH="1216" VPOS="954" HPOS="4294"/><SP WIDTH="134" VPOS="998" HPOS="5511"/><String CONTENT="zu" HEIGHT="116" WIDTH="240" VPOS="994" HPOS="5646"/><SP WIDTH="118" VPOS="958" HPOS="5887"/><String CONTENT="den" HEIGHT="156" WIDTH="364" VPOS="958" HPOS="6006"/><SP WIDTH="110" VPOS="954" HPOS="6371"/><String CONTENT="Artikeln" HEIGHT="164" WIDTH="988" VPOS="954" HPOS="6482"/><SP WIDTH="114" VPOS="994" HPOS="7471"/><String CONTENT="von" HEIGHT="128" WIDTH="372" VPOS="994" HPOS="7586"/><SP WIDTH="122" VPOS="958" HPOS="7959"/><String CONTENT="Wittenberg" HEIGHT="204" WIDTH="1224" VPOS="950" HPOS="8082"/></TextLine>
<TextLine BASELINE="1332" HEIGHT="236" WIDTH="4744" VPOS="1142" HPOS="3054"><String CONTENT="und" HEIGHT="152" WIDTH="388" VPOS="1182" HPOS="3054"/><SP WIDTH="102" VPOS="1182" HPOS="3443"/><String CONTENT="Leipzig" HEIGHT="200" WIDTH="868" VPOS="1178" HPOS="3546"/><SP WIDTH="386" VPOS="1146" HPOS="4415"/><String CONTENT="(2" HEIGHT="212" WIDTH="224" VPOS="1146" HPOS="4802"/><SP WIDTH="110" VPOS="1150" HPOS="5027"/><String CONTENT="W-fache" HEIGHT="200" WIDTH="976" VPOS="1150" HPOS="5138"/><SP WIDTH="122" VPOS="1174" HPOS="6115"/><String CONTENT="Ausführung)**&quot;" HEIGHT="228" WIDTH="1560" VPOS="1142" HPOS="6238"/></TextLine>
<TextLine BASELINE="1657" HEIGHT="216" WIDTH="3028" VPOS="1474" HPOS="2570"><String CONTENT="K" HEIGHT="152" WIDTH="132" VPOS="1506" HPOS="2570"/><SP WIDTH="126" VPOS="1506" HPOS="2703"/><String CONTENT="16." HEIGHT="164" WIDTH="328" VPOS="1506" HPOS="2830"/><SP WIDTH="162" VPOS="1506" HPOS="3159"/><String CONTENT="Jh." HEIGHT="164" WIDTH="328" VPOS="1506" HPOS="3322"/><SP WIDTH="174" VPOS="1486" HPOS="3651"/><String CONTENT="(hess.^anzlei):" HEIGHT="216" WIDTH="1772" VPOS="1474" HPOS="3826"/></TextLine>
<TextLine BASELINE="1877" HEIGHT="208" WIDTH="6604" VPOS="1714" HPOS="3070"><String CONTENT="Ob" HEIGHT="156" WIDTH="244" VPOS="1726" HPOS="3070"/><SP WIDTH="114" VPOS="1730" HPOS="3315"/><String CONTENT="man" HEIGHT="112" WIDTH="368" VPOS="1770" HPOS="3430"/><SP WIDTH="122" VPOS="1726" HPOS="3799"/><String CONTENT="in" HEIGHT="156" WIDTH="248" VPOS="1726" HPOS="3922"/><SP WIDTH="122" VPOS="1730" HPOS="4171"/><String CONTENT="der" HEIGHT="152" WIDTH="360" VPOS="1730" HPOS="4294"/><SP WIDTH="118" VPOS="1714" HPOS="4655"/><String CONTENT="Kirchen" HEIGHT="168" WIDTH="864" VPOS="1714" HPOS="4774"/><SP WIDTH="134" VPOS="1766" HPOS="5639"/><String CONTENT="zu" HEIGHT="112" WIDTH="224" VPOS="1766" HPOS="5774"/><SP WIDTH="126" VPOS="1722" HPOS="5999"/><String CONTENT="Zürich" HEIGHT="160" WIDTH="744" VPOS="1722" HPOS="6126"/><SP WIDTH="102" VPOS="1726" HPOS="6871"/><String CONTENT="mit" HEIGHT="160" WIDTH="364" VPOS="1722" HPOS="6974"/><SP WIDTH="134" VPOS="1730" HPOS="7339"/><String CONTENT="gutem" HEIGHT="188" WIDTH="620" VPOS="1730" HPOS="7474"/><SP WIDTH="110" VPOS="1766" HPOS="8095"/><String CONTENT="gewissen" HEIGHT="196" WIDTH="980" VPOS="1726" HPOS="8206"/><SP WIDTH="118" VPOS="1766" HPOS="9187"/><String CONTENT="von" HEIGHT="120" WIDTH="368" VPOS="1766" HPOS="9306"/></TextLine>
<TextLine BASELINE="2095" HEIGHT="212" WIDTH="6344" VPOS="1934" HPOS="3070"><String CONTENT="dem" HEIGHT="152" WIDTH="372" VPOS="1946" HPOS="3070"/><SP WIDTH="102" VPOS="1942" HPOS="3443"/><String CONTENT="Heyligen" HEIGHT="208" WIDTH="992" VPOS="1938" HPOS="3546"/><SP WIDTH="110" VPOS="1938" HPOS="4539"/><String CONTENT="Abentmahl" HEIGHT="160" WIDTH="1108" VPOS="1938" HPOS="4650"/><SP WIDTH="126" VPOS="1934" HPOS="5759"/><String CONTENT="Christi," HEIGHT="204" WIDTH="940" VPOS="1934" HPOS="5886"/><SP WIDTH="158" VPOS="1982" HPOS="6827"/><String CONTENT="also" HEIGHT="152" WIDTH="480" VPOS="1946" HPOS="6986"/><SP WIDTH="134" VPOS="1946" HPOS="7467"/><String CONTENT="lehren" HEIGHT="152" WIDTH="724" VPOS="1946" HPOS="7602"/><SP WIDTH="118" VPOS="1982" HPOS="8327"/><String CONTENT="mage" HEIGHT="156" WIDTH="480" VPOS="1986" HPOS="8446"/><SP WIDTH="130" VPOS="1986" HPOS="8927"/><String CONTENT="wie" HEIGHT="160" WIDTH="356" VPOS="1938" HPOS="9058"/></TextLine>
<TextLine BASELINE="2304" HEIGHT="200" WIDTH="6480" VPOS="2150" HPOS="3066"><String CONTENT="inn" HEIGHT="152" WIDTH="368" VPOS="2158" HPOS="3066"/><SP WIDTH="122" VPOS="2162" HPOS="3435"/><String CONTENT="dem" HEIGHT="156" WIDTH="376" VPOS="2162" HPOS="3558"/><SP WIDTH="118" VPOS="2158" HPOS="3935"/><String CONTENT="Bericht" HEIGHT="160" WIDTH="840" VPOS="2154" HPOS="4054"/><SP WIDTH="126" VPOS="2158" HPOS="4895"/><String CONTENT="beyder" HEIGHT="192" WIDTH="736" VPOS="2158" HPOS="5022"/><SP WIDTH="122" VPOS="2154" HPOS="5759"/><String CONTENT="Schulen," HEIGHT="196" WIDTH="944" VPOS="2154" HPOS="5882"/><SP WIDTH="150" VPOS="2158" HPOS="6827"/><String CONTENT="Wittenbergk" HEIGHT="196" WIDTH="1352" VPOS="2154" HPOS="6978"/><SP WIDTH="110" VPOS="2162" HPOS="8331"/><String CONTENT="und" HEIGHT="148" WIDTH="376" VPOS="2162" HPOS="8442"/><SP WIDTH="110" VPOS="2150" HPOS="8819"/><String CONTENT="Leip-" HEIGHT="200" WIDTH="616" VPOS="2150" HPOS="8930"/></TextLine>
<TextLine BASELINE="2521" HEIGHT="200" WIDTH="2536" VPOS="2370" HPOS="3074"><String CONTENT="tzigk," HEIGHT="196" WIDTH="692" VPOS="2374" HPOS="3074"/><SP WIDTH="154" VPOS="2378" HPOS="3767"/><String CONTENT="begriffen" HEIGHT="196" WIDTH="1108" VPOS="2370" HPOS="3922"/><SP WIDTH="118" VPOS="2370" HPOS="5031"/><String CONTENT="ist." HEIGHT="160" WIDTH="460" VPOS="2370" HPOS="5150"/></TextLine>
<TextLine BASELINE="2740" HEIGHT="200" WIDTH="2780" VPOS="2586" HPOS="3078"><String CONTENT="Zürich," HEIGHT="200" WIDTH="812" VPOS="2586" HPOS="3078"/><SP WIDTH="166" VPOS="2594" HPOS="3891"/><String CONTENT="1561" HEIGHT="180" WIDTH="472" VPOS="2586" HPOS="4058"/><SP WIDTH="122" VPOS="2586" HPOS="4531"/><String CONTENT="August" HEIGHT="192" WIDTH="728" VPOS="2586" HPOS="4654"/><SP WIDTH="146" VPOS="2586" HPOS="5383"/><String CONTENT="22*" HEIGHT="164" WIDTH="328" VPOS="2586" HPOS="5530"/></TextLine>
<TextLine BASELINE="2954" HEIGHT="208" WIDTH="5508" VPOS="2790" HPOS="3562"><String CONTENT="Inc.:" HEIGHT="164" WIDTH="568" VPOS="2798" HPOS="3562"/><SP WIDTH="158" VPOS="2794" HPOS="4131"/><String CONTENT="Erstlich" HEIGHT="172" WIDTH="988" VPOS="2790" HPOS="4290"/><SP WIDTH="130" VPOS="2802" HPOS="5279"/><String CONTENT="zeugen" HEIGHT="156" WIDTH="720" VPOS="2838" HPOS="5410"/><SP WIDTH="118" VPOS="2806" HPOS="6131"/><String CONTENT="die" HEIGHT="156" WIDTH="356" VPOS="2802" HPOS="6250"/><SP WIDTH="130" VPOS="2794" HPOS="6607"/><String CONTENT="Theologi," HEIGHT="204" WIDTH="1068" VPOS="2794" HPOS="6738"/><SP WIDTH="170" VPOS="2846" HPOS="7807"/><String CONTENT="so" HEIGHT="120" WIDTH="216" VPOS="2842" HPOS="7978"/><SP WIDTH="130" VPOS="2802" HPOS="8195"/><String CONTENT="in" HEIGHT="156" WIDTH="248" VPOS="2802" HPOS="8326"/><SP WIDTH="122" VPOS="2806" HPOS="8575"/><String CONTENT="dem" HEIGHT="172" WIDTH="372" VPOS="2806" HPOS="8698"/></TextLine>
<TextLine BASELINE="3170" HEIGHT="196" WIDTH="2156" VPOS="3018" HPOS="4302"><String CONTENT="Bericht" HEIGHT="160" WIDTH="836" VPOS="3018" HPOS="4302"/><SP WIDTH="138" VPOS="3022" HPOS="5139"/><String CONTENT="gestelt..." HEIGHT="188" WIDTH="1180" VPOS="3026" HPOS="5278"/></TextLine>
<TextLine BASELINE="3497" HEIGHT="220" WIDTH="4124" VPOS="3318" HPOS="2574"><String CONTENT="E" HEIGHT="148" WIDTH="132" VPOS="3346" HPOS="2574"/><SP WIDTH="122" VPOS="3346" HPOS="2707"/><String CONTENT="16." HEIGHT="156" WIDTH="328" VPOS="3350" HPOS="2830"/><SP WIDTH="162" VPOS="3346" HPOS="3159"/><String CONTENT="Jh." HEIGHT="160" WIDTH="320" VPOS="3346" HPOS="3322"/><SP WIDTH="182" VPOS="3326" HPOS="3643"/><String CONTENT="(in" HEIGHT="208" WIDTH="348" VPOS="3326" HPOS="3826"/><SP WIDTH="126" VPOS="3342" HPOS="4175"/><String CONTENT="Zürich" HEIGHT="160" WIDTH="724" VPOS="3342" HPOS="4302"/><SP WIDTH="130" VPOS="3346" HPOS="5027"/><String CONTENT="geschrieben):" HEIGHT="220" WIDTH="1540" VPOS="3318" HPOS="5158"/></TextLine>
<TextLine BASELINE="3715" HEIGHT="236" WIDTH="6728" VPOS="3522" HPOS="3074"><String CONTENT="Ob" HEIGHT="160" WIDTH="240" VPOS="3562" HPOS="3074"/><SP WIDTH="118" VPOS="3570" HPOS="3315"/><String CONTENT="man" HEIGHT="116" WIDTH="372" VPOS="3606" HPOS="3434"/><SP WIDTH="114" VPOS="3566" HPOS="3807"/><String CONTENT="in" HEIGHT="156" WIDTH="252" VPOS="3566" HPOS="3922"/><SP WIDTH="118" VPOS="3570" HPOS="4175"/><String CONTENT="der" HEIGHT="152" WIDTH="364" VPOS="3570" HPOS="4294"/><SP WIDTH="114" VPOS="3546" HPOS="4659"/><String CONTENT="Eyrchen" HEIGHT="212" WIDTH="868" VPOS="3546" HPOS="4774"/><SP WIDTH="134" VPOS="3602" HPOS="5643"/><String CONTENT="zd" HEIGHT="196" WIDTH="228" VPOS="3522" HPOS="5778"/><SP WIDTH="122" VPOS="3522" HPOS="6007"/><String CONTENT="Zürych" HEIGHT="196" WIDTH="736" VPOS="3558" HPOS="6130"/><SP WIDTH="110" VPOS="3562" HPOS="6867"/><String CONTENT="mitt" HEIGHT="156" WIDTH="488" VPOS="3562" HPOS="6978"/><SP WIDTH="134" VPOS="3570" HPOS="7467"/><String CONTENT="guter" HEIGHT="188" WIDTH="604" VPOS="3570" HPOS="7602"/><SP WIDTH="126" VPOS="3602" HPOS="8207"/><String CONTENT="gewüssne" HEIGHT="196" WIDTH="960" VPOS="3562" HPOS="8334"/><SP WIDTH="130" VPOS="3602" HPOS="9295"/><String CONTENT="von" HEIGHT="128" WIDTH="376" VPOS="3602" HPOS="9426"/></TextLine>
<TextLine BASELINE="3931" HEIGHT="220" WIDTH="6476" VPOS="3754" HPOS="3070"><String CONTENT="dem" HEIGHT="152" WIDTH="376" VPOS="3786" HPOS="3070"/><SP WIDTH="102" VPOS="3786" HPOS="3447"/><String CONTENT="heiligen" HEIGHT="192" WIDTH="992" VPOS="3782" HPOS="3550"/><SP WIDTH="110" VPOS="3782" HPOS="4543"/><String CONTENT="Abentmal" HEIGHT="156" WIDTH="976" VPOS="3782" HPOS="4654"/><SP WIDTH="138" VPOS="3786" HPOS="5631"/><String CONTENT="also" HEIGHT="148" WIDTH="476" VPOS="3786" HPOS="5770"/><SP WIDTH="130" VPOS="3786" HPOS="6247"/><String CONTENT="leren" HEIGHT="148" WIDTH="608" VPOS="3786" HPOS="6378"/><SP WIDTH="110" VPOS="3818" HPOS="6987"/><String CONTENT="möge/" HEIGHT="216" WIDTH="620" VPOS="3754" HPOS="7098"/><SP WIDTH="118" VPOS="3754" HPOS="7719"/><String CONTENT="wie" HEIGHT="152" WIDTH="348" VPOS="3782" HPOS="7838"/><SP WIDTH="138" VPOS="3782" HPOS="8187"/><String CONTENT="in" HEIGHT="152" WIDTH="252" VPOS="3782" HPOS="8326"/><SP WIDTH="122" VPOS="3786" HPOS="8579"/><String CONTENT="dem" HEIGHT="152" WIDTH="368" VPOS="3786" HPOS="8702"/><SP WIDTH="110" VPOS="3786" HPOS="9071"/><String CONTENT="be-" HEIGHT="152" WIDTH="364" VPOS="3786" HPOS="9182"/></TextLine>
<TextLine BASELINE="4146" HEIGHT="200" WIDTH="6488" VPOS="3990" HPOS="3062"><String CONTENT="rieht" HEIGHT="160" WIDTH="608" VPOS="3994" HPOS="3062"/><SP WIDTH="130" VPOS="4002" HPOS="3671"/><String CONTENT="beider" HEIGHT="156" WIDTH="732" VPOS="3994" HPOS="3802"/><SP WIDTH="126" VPOS="3990" HPOS="4535"/><String CONTENT="Schulen" HEIGHT="160" WIDTH="856" VPOS="3990" HPOS="4662"/><SP WIDTH="122" VPOS="3990" HPOS="5519"/><String CONTENT="Wittenberg" HEIGHT="196" WIDTH="1224" VPOS="3990" HPOS="5642"/><SP WIDTH="106" VPOS="4034" HPOS="6867"/><String CONTENT="und" HEIGHT="152" WIDTH="376" VPOS="3994" HPOS="6974"/><SP WIDTH="114" VPOS="3990" HPOS="7351"/><String CONTENT="Leipsig" HEIGHT="200" WIDTH="868" VPOS="3990" HPOS="7466"/><SP WIDTH="110" VPOS="3998" HPOS="8335"/><String CONTENT="begriffen" HEIGHT="192" WIDTH="1104" VPOS="3994" HPOS="8446"/></TextLine>
<TextLine BASELINE="4363" HEIGHT="200" WIDTH="5228" VPOS="4206" HPOS="3066"><String CONTENT="ist." HEIGHT="156" WIDTH="460" VPOS="4214" HPOS="3066"/><SP WIDTH="2350" VPOS="4210" HPOS="3527"/><String CONTENT="H.Bullinger," HEIGHT="200" WIDTH="1440" VPOS="4206" HPOS="5878"/><SP WIDTH="162" VPOS="4210" HPOS="7319"/><String CONTENT="Zürych." HEIGHT="192" WIDTH="812" VPOS="4210" HPOS="7482"/></TextLine>
<TextLine BASELINE="4576" HEIGHT="200" WIDTH="2776" VPOS="4422" HPOS="3078"><String CONTENT="Zürich," HEIGHT="200" WIDTH="816" VPOS="4422" HPOS="3078"/><SP WIDTH="162" VPOS="4430" HPOS="3895"/><String CONTENT="1561" HEIGHT="184" WIDTH="472" VPOS="4422" HPOS="4058"/><SP WIDTH="118" VPOS="4422" HPOS="4531"/><String CONTENT="August" HEIGHT="188" WIDTH="740" VPOS="4422" HPOS="4650"/><SP WIDTH="134" VPOS="4422" HPOS="5391"/><String CONTENT="22." HEIGHT="156" WIDTH="328" VPOS="4422" HPOS="5526"/></TextLine>
<TextLine BASELINE="4790" HEIGHT="204" WIDTH="5384" VPOS="4630" HPOS="3558"><String CONTENT="Inc«:" HEIGHT="164" WIDTH="580" VPOS="4634" HPOS="3558"/><SP WIDTH="150" VPOS="4630" HPOS="4139"/><String CONTENT="Erstlich" HEIGHT="172" WIDTH="988" VPOS="4630" HPOS="4290"/><SP WIDTH="114" VPOS="4638" HPOS="5279"/><String CONTENT="bezügend" HEIGHT="196" WIDTH="980" VPOS="4634" HPOS="5394"/><SP WIDTH="118" VPOS="4642" HPOS="6375"/><String CONTENT="die" HEIGHT="156" WIDTH="360" VPOS="4638" HPOS="6494"/><SP WIDTH="126" VPOS="4634" HPOS="6855"/><String CONTENT="Theologi," HEIGHT="200" WIDTH="1072" VPOS="4634" HPOS="6982"/><SP WIDTH="170" VPOS="4686" HPOS="8055"/><String CONTENT="so" HEIGHT="116" WIDTH="220" VPOS="4686" HPOS="8226"/><SP WIDTH="130" VPOS="4646" HPOS="8447"/><String CONTENT="den" HEIGHT="148" WIDTH="364" VPOS="4646" HPOS="8578"/></TextLine>
<TextLine BASELINE="5006" HEIGHT="196" WIDTH="2292" VPOS="4850" HPOS="4294"><String CONTENT="bericht" HEIGHT="160" WIDTH="852" VPOS="4850" HPOS="4294"/><SP WIDTH="130" VPOS="4858" HPOS="5147"/><String CONTENT="gestellt..." HEIGHT="188" WIDTH="1308" VPOS="4858" HPOS="5278"/></TextLine>
</TextBlock>
</PrintSpace>
</Page>
</Layout>
</alto>