4936 3484
1379 1192 372 75 Jan-Andrea
1781 1193 392 68 BERNHARD,
2204 1214 29 33 «
2254 1190 192 57 Briefe
2480 1211 72 36 an
2585 1191 279 57 Heinrich
2895 1192 289 77 BulHnger
3215 1193 81 56 im
3328 1193 163 57 Blick
3522 1194 106 57 auf

1387 1287 387 76 Entstehung,
1834 1287 342 76 Abfassung
2234 1286 124 57 und
2420 1286 324 76 Rezeption
2808 1287 102 56 der
2973 1287 333 57 ‘Confessio
3371 1289 246 56 Raetica’

1392 1376 333 80 (1552/53),
1756 1380 58 56 in
1840 1402 9 33 :
1887 1381 327 76 Zwingliana,
2244 1379 107 57 Bd.
2379 1380 92 68 40,
2504 1381 168 67 2013,
2705 1381 51 55 S.
2792 1382 193 55 37-71.
3021 1383 67 54 In
3121 1381 221 57 diesem
3371 1382 246 57 Aufsatz

1391 1474 126 56 sind
1544 1475 271 77 folgende
1838 1475 192 57 Briefe
2053 1474 449 58 veröffentlicht:

1506 1618 18 7 -
1546 1591 103 49 Pier
1669 1591 144 49 Paolo
1835 1591 231 62 Vergerio
2088 1606 58 34 an
2169 1590 258 62 Bullinger,
2454 1591 75 47 15.
2550 1591 292 49 November
2866 1592 142 56 1552,
3028 1592 90 49 auf
3131 1593 44 48 S.
3200 1594 163 48 55-57.

1506 1695 18 7 -
1543 1668 241 50 Johannes
1806 1669 275 49 Comander
2104 1669 96 49 und
2222 1668 187 61 Philipp
2433 1667 235 50 Gallicius
2693 1683 58 35 an
2776 1669 261 62 Bullinger,
3067 1671 73 48 12.
3168 1672 282 48 Dezember
3477 1672 141 58 1552,

1625 1744 148 51 aufS.
1797 1746 162 49 57-59.

1506 1824 278 48 -Johannes
1814 1825 274 48 Comander
2118 1825 96 48 und
2246 1824 185 61 Philipp
2463 1824 234 49 Gallicius
2728 1839 58 34 an
2818 1825 261 62 Bullinger,
3111 1827 46 47 6.
3181 1828 150 47 März
3365 1828 142 56 1553,
3536 1827 91 49 auf

1626 1902 45 47 S.
1697 1902 162 48 59-62.

1506 2003 18 7 -
1544 1977 241 47 Johannes
1810 1978 275 47 Comander
2110 1978 96 46 und
2233 1977 186 59 Philipp
2447 1976 234 48 Gallicius
2709 1991 57 33 an
2793 1978 262 60 Bullinger,
3083 1979 79 47 22.
3189 1980 147 59 April
3368 1980 143 56 1553,
3536 1979 91 49 auf

1626 2053 45 48 S.
1696 2053 162 49 62-67.
2741 2061 72 61 &

1507 2157 17 6 -
1547 2130 187 60 Philipp
1754 2130 235 48 Gallicius
2009 2144 59 34 an
2090 2129 258 61 Bullinger,
2371 2129 45 47 6.
2435 2129 123 49 Juni
2583 2130 141 48 1553.
2745 2130 89 47 auf
2848 2131 43 47 S.
2917 2131 163 48 67-69.

1507 2231 18 7 -
1547 2204 187 61 Philipp
1754 2205 235 48 Gallicius
2009 2220 58 33 an
2091 2204 257 61 Bullinger,
2370 2204 46 47 2.
2438 2204 300 60 September
2763 2206 142 56 1553,
2926 2206 90 47 auf
3029 2206 44 48 S.
3096 2207 164 48 69-71.
