3315 2418
447 391 194 57 Beginn
664 392 87 43 des
774 391 213 44 Briefes:

448 540 156 44 Pauca
623 538 291 56 festinanter,
937 539 84 46 sed
1042 554 98 30 non
1159 539 217 58 vulgaria
1395 539 173 54 scribo,
1590 539 283 46 doctissime
1893 539 293 59 Bullingere,
2208 554 123 44 quae
2351 539 176 46 melius
2547 554 55 31 ac
2624 539 155 46 fusius

448 629 60 31 ex
528 614 176 46 nuncio
725 614 201 60 optimo,
946 614 115 46 viva
1079 613 219 61 epistola,
1319 629 284 44 cognosces.
1626 614 180 46 Amisit
1826 629 149 44 nuper
1994 614 229 46 accebere
2244 614 170 45 funero
2436 613 209 46 ecclesia

449 690 176 48 Christi
647 690 165 61 oppidi
833 690 326 48 Altstettensis
1179 690 126 61 apud
1326 690 248 61 Rhiegn...
1604 690 268 60 [Rheineck
1892 689 89 48 auf
1995 689 215 61 Latein?]
2235 689 344 48 fidelissimum
2600 705 54 32 ac

448 767 426 59 vigilantissimum
893 775 241 51 pastorem
1154 775 46 37 et
1219 774 196 52 patrem,
1437 766 253 46 dominum
1710 766 295 59 Pelag[i]um
2025 782 27 30 a
2070 766 198 59 Layden
2290 767 46 58 [?
2355 794 35 5 -
2407 766 244 58 Laytden?
2670 794 34 4 -

448 858 113 31 man
579 847 182 42 müsste
781 842 333 60 L(a)ythinum
1135 842 132 47 lesen
1287 842 230 59 können],
1539 857 144 45 quem
1704 857 182 41 casum,
1908 857 111 31 cum
2040 841 225 48 resarcire
2286 848 304 54 operatorum
2611 841 198 61 penuria

453 919 175 58 [wobei
651 934 111 31 man
781 919 112 45 eher
911 919 197 58 penurie
1130 918 211 59 liest...],
1362 934 95 43 qua
1476 918 278 55 laborimus,
1775 934 98 30 non
1891 933 276 44 possumus,
2189 918 60 45 ad
2268 925 45 39 te
2333 925 198 52 patrem,

449 993 321 63 orphanorum
790 1001 45 41 et
854 993 252 49 viduarum
1127 1000 266 55 patronum,
1415 1000 73 42 etc

449 1146 187 47 Einmal
658 1146 135 47 mehr
810 1146 145 47 weiss
978 1146 365 60 Stückelberger
1361 1146 233 47 natürlich
1615 1146 156 47 nichts
1792 1146 117 47 über
1927 1146 167 46 diesen
2115 1145 183 47 Pfarrer
2316 1161 99 31 von
2434 1146 271 46 Altstätten.
2727 1147 63 45 Es

449 1222 192 46 handelt
662 1221 104 47 sich
785 1221 138 47 dabei
947 1237 80 31 um
1048 1221 221 59 Pelagius
1290 1221 223 46 Amstein
1532 1237 98 30 von
1651 1221 341 55 Bischofszell,
2015 1222 82 45 der
2122 1222 123 45 1550
2266 1221 48 45 in
2335 1221 257 46 Altstätten

449 1297 204 60 bezeugt
673 1296 60 47 ist
753 1298 58 58 (s.
833 1311 170 31 unsere
1024 1296 163 46 online
1207 1296 193 45 Edition
1421 1297 195 44 HBBW
1636 1297 88 44 VII
1753 1295 144 56 150f.,
1918 1297 145 44 Anm.
2087 1296 64 57 5).

450 1374 61 45 Es
532 1372 101 59 gibt
652 1372 141 46 einen
811 1372 227 46 weiteren
1060 1371 141 46 Brief
1213 1371 221 47 Kesslers
1455 1386 59 31 an
1535 1371 249 59 Bullinger
1803 1386 116 31 vom
1945 1372 71 44 19.
2041 1372 135 44 März
2203 1371 123 45 1552
2348 1370 249 58 (ZH-StA,
2619 1370 37 45 E
2678 1371 37 44 II

450 1448 110 54 351,
582 1448 134 55 221),
737 1462 77 31 wo
834 1462 113 30 man
967 1447 189 54 erfahrt,
1178 1446 110 47 dass
1309 1446 77 46 die
1409 1446 146 46 Stelle
1578 1446 46 45 in
1644 1446 257 46 Altstätten
1921 1446 125 46 noch
2068 1449 167 42 immer
2253 1445 177 46 vakant
2450 1445 75 46 ist:
2548 1447 94 53 „At
2662 1460 91 44 ego

449 1522 116 59 quid
585 1521 232 47 referam?
839 1521 252 55 Intellexit,
1112 1529 49 38 ut
1180 1521 211 55 arbitror,
1412 1536 60 31 ex
1493 1521 151 46 Frisio
1664 1528 80 39 tua
1763 1521 168 59 pietas,
1953 1536 143 44 quam
2117 1536 141 43 aegre
2278 1527 157 39 careat
2455 1527 189 52 pastore
2665 1520 129 45 bono

449 1597 104 43 viro
575 1597 208 44 ecclesia
801 1596 337 45 Altstetensis“

452 1672 74 47 Da
546 1670 48 48 in
613 1670 206 49 Deinem
839 1669 298 49 undatierten
1157 1668 140 50 Brief
1309 1669 85 48 das
1416 1670 133 47 Wort
1569 1685 150 45 nuper
1738 1668 201 61 (Amisit
1959 1669 168 60 nuper)
2149 1667 261 62 gebraucht
2430 1667 134 58 wird,
2587 1667 126 48 kann

453 1746 124 45 Dein
597 1746 141 45 Brief
749 1761 87 30 nur
854 1761 88 30 vor
960 1746 112 45 dem
1098 1747 71 43 19.
1194 1747 135 43 März
1355 1746 122 44 1552
1499 1752 289 38 anzusetzen
1810 1745 118 54 sein,
1950 1745 96 44 und
2067 1744 110 46 falls
2198 1744 173 46 Kessel
2394 1744 132 45 seine
2547 1743 244 46 Entwürfe

452 1819 388 60 chronologisch,
861 1819 106 47 eine
990 1818 127 48 Seite
1139 1819 121 47 nach
1280 1819 83 46 der
1382 1818 207 47 anderen
1612 1818 233 56 Schreibt,
1866 1817 61 48 ist
1946 1833 50 32 er
2014 1818 122 46 nach
2156 1818 111 46 dem
2289 1817 141 47 Brief
2442 1833 61 31 an
2522 1816 196 48 Bersius

451 1910 98 30 von
571 1894 280 59 September
875 1895 115 45 1551
1019 1901 301 39 anzusetzen.

451 1968 222 48 Amstein
694 1969 162 46 wurde
876 1969 126 46 dann
1021 1983 98 31 von
1140 1968 109 46 dem
1270 1967 438 61 problematischen
1727 1967 245 45 Abraham
1993 1966 167 46 Klarer
2179 1972 185 39 ersetzt.
2388 1965 140 45 Dank
2548 1965 160 45 dieses

452 2045 203 53 Briefes,
677 2045 125 45 kann
822 2060 112 30 man
953 2060 97 30 nun
1070 2059 169 30 unsere
1258 2043 148 46 Notiz
1425 2059 62 30 zu
1507 2043 166 45 Klarer
1693 2042 47 45 in
1762 2043 197 44 HBBW
1979 2043 90 44 XV
2090 2041 152 54 448f.,
2263 2043 144 43 Anm.
2432 2041 25 45 3
2481 2040 296 45 verbessern.

450 2118 147 47 Nicht
617 2118 150 47 schon
794 2119 139 54 1550,
956 2118 207 46 sondern
1182 2124 93 39 erst
1294 2117 123 46 nach
1437 2117 111 46 dem
1575 2118 71 44 19.
1670 2118 136 44 März
1832 2117 123 45 1552
1976 2116 111 45 kam
2108 2115 156 46 dieser
2284 2114 183 47 Pfarrer
2486 2129 98 32 von

452 2193 219 47 Umäsch
689 2193 123 46 nach
833 2193 272 45 Altstätten!
