2453 1728
29 52 119 32 Datum

69 123 116 43 1555
218 122 275 46 September
529 123 47 36 2.

813 51 186 31 Absender

834 123 304 36 Venetscher
1170 124 181 35 Petrus

833 227 337 44 Hedelfingen

1684 49 200 39 Empfänger

1693 125 273 45 Bullinger
1997 124 245 36 Heinrich

1695 226 179 37 Zürich

30 442 202 38 Autograph

816 441 106 38 Kopie

1688 439 211 38 Photokopie
1941 450 24 6 -

30 541 163 31 Standort
232 537 146 41 ZÜMcb.
464 540 31 40 A
512 568 4 7 ■

816 538 163 32 Standort

1689 537 80 31 Bull.
1784 537 92 32 Corr.

31 691 95 38 Sign.
218 693 75 40 El
313 693 85 36 32T
420 695 102 42 22-/*

816 689 95 38 Sign.

1687 688 177 31 Abschrift
1941 684 58 34 ZB

32 789 143 38 Umfang

818 787 142 38 Umfang

1688 786 80 32 Bull.
1783 787 92 32 Corr.
1941 785 56 35 18
2093 783 79 37 Bl.
2186 786 50 42 1,
2277 785 88 36 S.2

32 946 155 38 Sprache

818 944 156 31 Literatur

33 1118 170 31 Gedruckt

489 1047 173 27 Freundliche
676 1050 155 33 Mitteilung
842 1059 54 19 von
910 1054 96 25 Rainer
1019 1054 115 26 Henrich
1148 1062 48 25 per
1209 1055 92 26 E-Mail
1314 1062 33 20 an
1359 1057 28 25 JS
1398 1042 254 41 vorr/iß.ÖB.lOlA:
1664 1056 125 33 „Zufällig
1802 1057 42 26 bin
1858 1057 40 26 ich
1911 1057 100 26 darauf
2021 1057 148 33 gestoßen,
2182 1057 63 27 dass
2259 1057 69 27 Brief
2340 1059 41 25 Nr.

487 1093 90 26 23163
598 1094 87 26 nichts
705 1096 120 27 anderes
845 1098 34 25 ist
898 1098 38 26 als
956 1100 44 25 ein
1022 1101 110 31 Exzerpt
1152 1108 49 19 aus
1223 1101 69 26 Brief
1312 1103 41 24 Nr.
1375 1087 91 52 271^0
1486 1101 36 33 (2.
1543 1103 24 25 9.
1590 1104 70 25 1553
1682 1102 66 27 bzw.
1771 1102 91 33 1557).
1883 1105 106 30 Wegen
2010 1103 49 26 der
2077 1104 165 25 erwähnten
2262 1104 121 26 Walliser

488 1138 267 36 Bibelverbrennung
771 1141 95 34 (1555)
883 1145 33 24 ist
930 1145 72 25 wohl
1019 1145 49 26 das
1084 1148 100 24 Datum
1202 1148 71 25 1557
1289 1147 101 32 richtig.
1408 1144 45 29 Die
1468 1148 273 26 Venetscher-Briefe
1757 1148 60 26 sind
1832 1149 136 26 vielleicht
1982 1149 133 32 gedruckt
2130 1149 69 26 oder
2214 1151 168 30 wenigstens

487 1182 150 29 behandelt
659 1186 33 25 in:
714 1187 103 26 Gustav
839 1190 120 30 Bossert,
983 1190 86 27 Briefe
1090 1198 54 19 von
1167 1192 54 26 und
1243 1199 34 19 an
1300 1194 80 25 Peter
1399 1193 172 26 Venetscher
1592 1195 130 25 1550-57.
1744 1193 123 33 Zugleich
1889 1195 44 25 ein
1956 1195 106 32 Beitrag
2083 1201 46 20 zur
2148 1194 165 27 Geschichte
2334 1195 49 26 der

487 1228 133 28 Pfarreien
640 1231 205 34 Großbottwar,
866 1234 182 34 Hedelfingen
1068 1237 55 26 und
1142 1237 135 27 Walheim
1298 1238 26 32 [=
1344 1238 85 27 Briefe
1449 1246 49 19 aus
1518 1239 64 26 dem
1602 1239 397 33 Reformationsjahrhundert,
2019 1241 25 25 3.
2065 1240 98 32 Folge],
2183 1241 33 25 in:
2237 1242 91 25 BWKG
2349 1242 34 25 18

486 1273 102 34 (1914),
600 1277 23 25 S.
638 1278 146 26 180-200."
814 1283 22 24 +
854 1270 159 43 Nrl9,<>
1207 1277 125 38 NFIO,

1109 1345 211 35 Novisti
1357 1347 150 33 autem
1542 1346 57 33 tu
1633 1345 147 35 adhuc
1819 1345 207 44 quoties
2063 1346 54 33 te
2154 1346 58 33 ad
2245 1354 118 25 ver-

818 1387 253 36 Bemerkungen
1114 1395 176 33 siones
1324 1395 180 34 multas
1541 1395 178 41 Bibliq
1754 1403 88 25 uno
1879 1395 179 34 oblutu
2094 1390 330 47 opponjiendas

1111 1454 56 26 ac
1205 1444 330 43 imprimendas
1573 1444 360 43 interpellere
