9969 14170
82 198 96 116 i(
458 174 92 76 *

7658 12078 60 148 1

4506 1934 612 196 [42215]

2778 2322 1036 264 Bullinger
3906 2390 256 144 an
4250 2334 552 200 Hans
4898 2330 784 204 Rudolf
5738 2330 1084 264 Bullinger.

1642 2666 652 196 (Zürich,
2422 2670 424 160 Ende
2990 2678 392 156 1572
3510 2678 364 156 oder
3990 2678 468 200 Anfg.
4610 2678 504 192 1573.)
5234 2678 556 160 Zürich
5902 2686 308 180 ZB,
6338 2686 264 152 Ms
6722 2686 116 152 F
6966 2686 244 184 37,
7338 2682 456 160 442b.
7918 2686 64 152 /

1642 2890 916 204 Orig.(Aut.)
2654 2898 312 160 Der
3062 2898 868 208 allmächtig
4022 2922 328 180 gott
4434 2898 572 164 verlihe
5102 2902 268 192 dir,
5478 2906 676 168 Susanne
6246 2906 312 164 und
6650 2906 300 160 den
7038 2906 632 164 kindem
7762 2906 212 160 vil

1398 3174 56 96 s
1634 3118 540 156 tusend
2250 3102 432 216 güter
2738 3122 240 212 jar
2990 3098 36 100 1
3050 3170 40 140 ;
3182 3122 272 160 das
3538 3126 632 160 wünsch
4254 3126 248 160 ich
4582 3122 312 160 und
4974 3122 204 160 all
5258 3126 324 160 min
5658 3126 464 160 volck
6194 3174 316 112 von
6590 3150 324 184 gott
6990 3126 204 164 uß
7278 3150 696 180 gantzem

1634 3338 648 164 hertzen.
2350 3346 364 160 Gott
2766 3346 544 164 mache
3366 3398 552 112 unsem
3970 3350 632 160 wünsch
4654 3346 660 208 krefftig.
5378 3346 1008 208 Fürgeliepter
6442 3402 328 144 sun,
6834 3378 496 180 gester
7386 3354 588 164 schreib

1638 3562 248 160 ich
1942 3566 228 160 dir
2222 3566 372 204 grad
2646 3618 280 112 vor
2982 3566 268 164 der
3298 3574 532 200 predig
3890 3574 252 160 ein
4194 3570 520 164 kleind
4766 3570 544 204 zädily,
5374 3578 256 156 hat
5686 3598 424 140 sunst
6158 3578 360 160 kein
6570 3578 360 204 wyl.
6990 3578 636 160 Jetzund
7678 3578 296 164 hab

1638 3786 248 160 ich
1966 3790 252 156 ein
2298 3794 508 200 wenig
2890 3842 252 112 me
3226 3798 360 200 wyl;
3682 3798 692 160 dancken
4450 3798 300 160 üch
4830 3798 832 160 widerumb
5746 3802 368 156 umb
6198 3802 272 160 des
6558 3786 268 216 güt
6882 3802 244 200 jar
7202 3802 316 160 und
7602 3806 372 156 alles

1634 3994 380 216 güts.
2114 4018 340 156 Von
2546 4018 348 160 dem
2982 4038 264 180 tag
3334 4002 200 180 zü
3614 4022 536 160 Baden
4146 3998 64 100 2
4298 4022 356 156 wüß
4746 4018 468 196 (doch
5298 4022 568 160 behallt
5958 4070 164 112 es
6214 4026 232 156 dir
6530 4026 316 160 und
6934 4026 452 160 mach
7470 4030 508 196 wenig

1350 4290 104 96 io
1638 4230 572 196 daruß),
2274 4234 268 160 das
2602 4234 248 164 die
2906 4242 100 156 7
3062 4238 280 160 Ort
3394 4242 248 156 ein
3698 4238 972 204 scharppffen
4722 4286 492 152 anzug
5266 4242 548 200 gethan
5862 4242 600 168 habend
6514 4290 196 112 an
6762 4246 252 160 die
7062 4246 100 156 4
7226 4234 420 200 Stett,
7706 4246 264 160 das

1638 4502 176 152 sy
1922 4502 268 152 gar
2298 4458 352 160 übel
2758 4458 616 192 bedure,
3498 4466 264 156 das
3874 4510 360 112 man
4350 4466 348 152 inen
4814 4506 176 112 so
5102 4462 348 160 übel
5562 4486 520 164 truwe;
6202 4514 272 148 sye
6590 4466 480 160 Schon
7182 4486 520 140 ettwas
7822 4470 152 156 in

1630 4678 1080 204 Fra[n]ckrych
2766 4726 800 160 ergangen,
3634 4682 484 200 syend
4174 4682 396 164 doch
4630 4730 180 152 sy
4870 4678 292 164 deß
5226 4682 308 160 sins
5594 4686 320 188 nitt,
5978 4686 292 160 wie
6334 4686 516 160 ettlich
6902 4686 564 204 geredt,
7526 4734 448 116 wenn

1634 4950 352 112 man
2050 4950 180 152 sy
2298 4906 792 164 ermürden
3150 4910 508 188 wölte,
3726 4910 636 156 wöltind
4426 4958 180 152 sy
4670 4906 564 200 zytlich
5290 4890 412 220 gnüg
5766 4910 264 156 uff
6074 4910 280 188 sin,
6426 4910 368 204 grad
6858 4910 276 164 alls
7210 4910 200 164 ob
7482 4958 180 152 sy
7726 4914 248 156 ein

1638 5126 828 160 schantlich
2542 5130 816 204 dingimm
3438 5134 340 160 sinn
3846 5134 608 160 habind.
4542 5138 208 152 So
4826 5130 388 160 habe
5282 5182 356 108 man
5706 5154 408 180 taget
6182 5114 196 180 zü
6446 5138 612 184 Aarow,
7134 5134 832 204 ußgenum-

1346 5410 104 96 i5
1630 5398 400 140 men,
2090 5374 956 180 gemusteret,
3110 5358 788 164 wacheten
3950 5358 640 200 gestellt,
4658 5354 280 160 alls
5002 5354 200 160 ob
5266 5354 328 160 find
5650 5346 872 172 vorhanden
6582 5358 524 204 syend,
7170 5358 808 204 gehandlet

1634 5598 276 136 etc.
1978 5574 576 164 Daruff
2594 5578 252 160 die
2914 5582 376 156 Stett
3350 5602 1020 184 geantwortet:
4442 5626 168 116 es
4678 5578 480 204 syend
5218 5582 716 160 seltzame
6002 5582 436 192 löuff,
6506 5586 220 156 vil
6786 5598 656 144 tröwens
7502 5582 472 164 wider

1634 5798 248 160 ein
1954 5802 1220 200 eydgnoschafft,
3254 5806 640 164 dorumb
3978 5854 176 156 sy
4234 5802 328 164 sich
4634 5802 280 160 nitt
4982 5802 732 164 unbillich
5786 5806 772 160 versähen.
6654 5810 208 200 Sy
6934 5806 568 164 habind
7578 5806 396 164 doch

1638 6026 392 160 ouch
2090 6026 372 160 imm
2522 6026 520 196 brach,
3106 6030 704 164 harnisch
3866 6034 316 156 und
4234 6078 404 116 weer
4694 6010 196 180 zü
4946 6026 984 208 besichtigen;
6002 6078 180 156 sy
6234 6034 524 200 tagind
6818 6030 240 164 für
7110 6034 316 160 und
7486 6030 240 168 für
7782 6014 192 188 zü

1630 6254 624 152 Lucem.
2346 6254 708 156 Worumb
3138 6302 184 152 sy
3402 6254 400 160 dann
3874 6258 284 156 nitt
4234 6254 400 160 ouch
4706 6274 452 176 tagen
5230 6254 720 200 mögind?
6030 6242 712 172 Wachten
6822 6254 480 204 syend
7374 6254 604 204 gestellt

1334 6530 120 96 2o
1630 6518 308 116 von
2006 6454 856 224 unrüwiger
2934 6474 516 164 lüthen
3522 6490 540 188 wägen
4130 6462 200 176 zü
4398 6474 548 164 beiden
5010 6474 552 204 teylen,
5638 6478 272 160 das
5986 6474 248 164 die
6302 6494 272 144 nüt
6642 6478 996 164 unfrüntlichs
7714 6522 256 116 an-

1630 6694 560 160 hebind
2258 6718 280 140 etc.
2606 6698 444 164 Nach
3118 6702 404 160 diser
3582 6702 996 200 erlütherung,
4654 6698 248 160 die
4966 6702 400 156 noch
5426 6702 336 156 mitt
5826 6702 216 156 vil
6106 6750 252 112 me
6422 6722 576 140 Worten
7058 6690 908 200 beschähen,

258 7022 200 148 ^
1630 6918 592 156 habend
2298 6918 248 156 die
2626 6926 88 152 7
2798 6926 276 152 Ort
3146 6922 296 156 den
3522 6930 568 152 Stetten
4158 6946 472 176 wyter
4702 6922 1036 196 fürgehallten:
5826 6974 224 160 sy,
6130 6926 244 156 die
6454 6926 420 184 Stett,
6954 6922 596 164 söllend
7622 6926 352 168 inen

90 7234 12 12 .
234 7138 248 124 w
586 7202 136 72 ,'.
4494 7146 256 164 die
4794 7174 208 136 an
5054 7142 360 172 inen
5454 7146 700 164 trüwlich
6190 7146 576 168 hallten
6814 7142 1168 208 wölliödpündt

1630 7358 308 160 und
2018 7358 992 164 landtsfriden
3086 7366 316 160 und
3486 7366 352 160 inen
3918 7366 552 160 nienan
4546 7362 360 164 kein
4982 7378 588 148 untrüw
5646 7354 768 212 bewysen,
6498 7366 316 160 und
6898 7366 280 160 alls
7266 7350 252 176 die
7602 7354 376 172 Stett

1334 7642 112 92 25
1634 7582 264 160 das
1970 7582 772 164 trientisch
2814 7590 824 160 concilium
3718 7634 728 156 anzogen,
4526 7590 472 196 daryn
5070 7630 180 156 sy
5314 7590 896 200 verwilliget
6278 7590 316 160 und
6662 7590 272 160 das
7006 7634 360 116 man
7434 7590 536 160 under-

1638 7806 380 160 stadt
2082 7790 196 176 zü
2338 7810 912 200 exequieren
3314 7834 280 140 etc.
3674 7834 672 140 antwort:
4426 7858 180 156 sy
4666 7806 564 164 habind
5294 7810 156 160 in
5514 7810 272 160 das
5854 7810 820 164 concilium
6738 7810 904 204 verwilliget
7702 7810 268 160 des

1634 8030 736 200 gloubens
2450 8034 316 160 und
2850 8034 268 160 der
3202 8038 308 172 leer
3586 8038 600 188 halben,
4270 8034 564 164 habind
4918 8034 356 160 aber
5350 8038 276 160 nitt
5706 8038 960 200 verheyssen,
6758 8038 268 156 das
7110 8034 592 164 hälffen
7782 8018 192 176 zü

1630 8254 952 160 handthaben
2658 8258 368 160 oder
3102 8262 952 204 exequieren,
4134 8262 308 160 und
4514 8250 612 168 hättend
5202 8258 212 160 ire
5486 8262 516 156 botten
6082 8262 196 156 da
6342 8258 680 164 neißwas
7094 8258 872 204 gewilliget,

1638 8526 176 108 so
1862 8478 568 160 habind
2486 8526 180 156 sy
2718 8482 296 160 deß
3070 8482 360 160 kein
3486 8482 768 204 empfelch
4310 8506 276 136 etc.
4654 8530 180 152 sy
4886 8478 628 164 wöllind
5570 8482 560 160 eerlich
6174 8482 480 200 pündt
6706 8482 316 160 und
7074 8478 900 164 landtfriden

1334 8758 120 96 3o
1630 8698 560 164 hallten
2250 8722 280 140 etc.
2594 8662 576 204 Darüff
3210 8706 248 160 die
3526 8710 372 156 Stett
3958 8706 328 160 sich
4346 8702 1080 192 entschlossen,
5490 8706 272 160 das
5822 8706 400 160 ouch
6282 8754 180 152 sy
6518 8706 492 200 glichs
7066 8718 500 188 gägen
7626 8702 348 164 inen

1638 8922 472 200 syend
2182 8926 692 200 gesinnet
2942 8926 316 160 und
3330 8930 668 160 wöllend
4074 8930 396 160 ouch
4542 8910 196 176 zü
4814 8926 352 156 inen
5242 8926 276 160 alls
5594 8926 660 164 redliche
6334 8926 964 204 eydgnossen
7374 8926 260 188 lib,
7710 8910 268 220 güt

1630 9146 308 160 und
2006 9130 328 176 blüt
2398 9146 272 160 hin
2734 9134 196 176 zü
3006 9174 520 136 setzen
3590 9174 284 140 etc.
3954 9158 176 152 In
4202 9198 640 112 summa:
4922 9194 168 112 es
5158 9150 256 160 hat
5478 9150 292 160 mir
5838 9150 256 160 ein
6150 9174 872 140 vertrawter
7094 9150 160 160 in
7322 9150 656 204 geheym

1634 9390 568 180 gesagt,
2286 9370 268 160 das
2638 9418 156 116 er
2866 9418 320 112 nun
3254 9374 220 156 vil
3530 9374 240 200 jar
3842 9374 268 168 uff
4162 9374 252 156 die
4490 9370 1288 204 eydgnössischen
5850 9394 256 180 tag
6178 9374 636 204 gesandt
6890 9418 320 156 sye;
7290 9370 256 164 nie
7622 9370 356 160 aber

1638 9638 264 156 sye
1990 9638 160 112 er
2230 9590 468 204 darby
2778 9598 488 200 gesin,
3362 9598 264 160 das
3710 9646 364 112 man
4150 9598 436 160 rüher
4674 9642 192 112 an
4950 9594 808 160 einandren
5838 9594 436 204 gesin
6350 9598 316 188 und
6750 9594 908 164 einanderen
7738 9590 236 204 fiy

1334 9878 116 92 35
1630 9814 464 164 heruß
2202 9842 572 180 gesagt,
2882 9870 524 108 woran
3514 9870 160 112 es
3782 9822 688 204 gelägen,
4582 9818 268 160 das
4958 9866 168 108 es
5234 9818 632 204 anfangs
5974 9866 264 156 gar
6338 9822 252 156 ein
6690 9818 524 204 gefaar
7310 9818 668 164 ansähen

1634 10038 588 204 gehept.
2334 10038 1096 196 Hinwiderum,
3546 10046 196 160 do
3850 10094 360 112 man
4314 10042 900 160 einanderen
5314 10042 308 160 wol
5726 10042 736 180 zerfiltzet
6562 10042 316 160 und
6978 10086 268 156 gar
7342 10054 272 148 nüt
7714 10090 260 152 ge-

1638 10262 668 192 schonet,
2390 10310 272 152 sye
2738 10266 252 160 die
3070 10270 368 156 sach
3514 10314 176 112 so
3770 10270 708 160 früntlich
4550 10262 316 164 und
4938 10246 264 220 güt
5274 10266 616 160 worden
5962 10266 264 160 uff
6274 10266 556 160 beiden
6910 10286 476 180 syten,
7470 10266 268 156 das
7822 10314 156 108 er

1638 10486 396 156 ouch
2094 10486 252 156 nie
2414 10486 468 200 darby
2946 10490 484 196 gesin,
3502 10490 196 156 da
3754 10538 360 120 man
4178 10486 872 160 früntlicher
5110 10490 308 156 und
5478 10470 588 216 gütiger
6126 10506 492 180 gägen
6686 10490 560 156 andern
7306 10490 664 180 worden,

1646 11298 28 80 1
1726 11310 496 168 Anfang
2298 11310 340 132 eines
2714 11314 456 152 Jahres,
3250 11314 316 132 bzw.
3646 11318 504 164 Anfang
4226 11322 436 124 Januar

1890 11498 304 124 1573
2258 11494 156 160 (s.
2474 11498 460 156 unten).

1634 11658 56 84 2
1730 11678 248 124 Der
2058 11678 244 160 Tag
2386 11714 156 92 zu
2626 11678 464 152 Baden,
3182 11678 216 128 der
3482 11714 196 96 am
3770 11686 116 120 7.
3978 11678 680 128 Dezember

5222 11318 304 124 1572
5610 11314 396 164 began
6086 11302 812 184 (§4EA|/a|
6974 11310 296 132 IV/2
7358 11314 612 152 505-507,

5198 11498 208 124 Nr.
5478 11498 344 156 406),
5890 11498 240 128 wie
6194 11498 264 124 dies
6530 11534 216 92 aus
6814 11498 240 128 den
7114 11510 548 112 unterem
7730 11494 248 128 Teil

5206 11678 212 128 des
5474 11678 476 128 Briefes
6010 11678 752 160 hervorgeht.
